4567 5742
2205 415 2333 461 anab-1-⁵
2464 435 2477 444 *
2570 437 2620 444 ⁸·
2690 445 2697 452 .
2772 442 2875 458 nnn—.-

2203 463 2315 504 -
2431 449 2619 538 392
2688 491 2696 498 .
2768 465 2878 502 —

774 639 925 716 bus
950 689 972 728 ,
1047 625 1597 726 componendis
1647 623 1966 717 tabulis,
2039 617 2315 723 quibus
2368 619 2791 700 litterarum
2854 616 3150 699 studiosi
3208 619 3290 698 in
3350 619 3729 704 civitatem
3764 614 4314 726 'suscipiantun

783 762 1185 843 scribendis
1227 754 1640 844 encomiis,
1697 755 1970 827 edictis
2020 752 2114 826 ad
2153 751 2621 848 disciplinam
2681 749 3285 850 pertinentibus,
3352 733 3902 854 relegationtsm
3934 755 4319 842 formuliS,

768 897 1103 992 ‘aliisque
1143 893 1306 962 eius
1341 885 1631 985 generis
1669 869 1938 981 elogiis
1987 900 2212 979 atque
2257 882 2833 980 programmatis
2881 903 3017 976 per
3064 879 3399 954 muneris
3440 881 3817 954 rationem
3852 881 4321 978 occupatissi-

619 1047 644 1063 ,
691 1019 694 1022 ·
787 1027 934 1100 mi:
944 1041 1234 1118 quem
1289 1036 1526 1112 quum
1567 1009 1726 1085 ‘sint
1782 1008 2010 1080 hodie
2061 1009 2383 1088 dicaculi
2415 1009 2766 1082 homines
2822 1025 2907 1080 et
2942 1007 3035 1080 ab
3094 996 3378 1081 litteris
3416 987 3733 1098 remoti,
3798 1013 3937 1108 ‘qui
3986 1011 4321 1084 latinum

791 1148 1231 1230 Academiae
1268 1138 1762 1214 secretarium
1798 1152 2114 1215 vocent.
2169 1136 2442 1208 sortem
2476 1135 2628 1230 ipse
2658 1135 2863 1208 suam
2901 1129 3447 1208 consolabitur
3443 1135 3889 1224 auctoritate
3918 1138 4319 1224 maiorum,

789 1283 920 1380 qui
971 1267 1404 1349 honorifico
1463 1265 1775 1336 no'mine
1823 1267 2213 1336 Oratorem
2256 1263 2703 1338 Academiae
2742 1263 3339 1358 appellaverunt.
3462 1262 3759 1336 Deinde
3808 1288 4045 1362 quum
4098 1287 4323 1340 vene-

711 1470 740 1484 „
771 1407 1027 1489 arando
1065 1399 1638 1506 Theologorum
1676 1391 1944 1464 Ordini
1988 1389 2423 1486 impositum
2468 1392 2619 1464 iam
2648 1391 2850 1464 olim
2900 1389 3071 1462 ess’et
3113 1387 3479 1464 officium
3460 1427 3493 1479 ,
3546 1389 3645 1464 ad
3693 1389 4085 1472 sollemnia
4124 1391 4329 1464 Chri·

665 1619 678 1632 ,
791 1537 1200 1614 stianorum
1232 1525 1466 1611 sacra,
1515 1544 1703 1618 quae
1743 1537 1856 1592 ter
1886 1519 2299 1615 quotannis
2338 1517 2699 1605 redeunt,
2740 1515 3085 1612 -publicis
3140 1515 3677 1614 scriptionibus
3713 1515 4041 1600 vocandi
4074 1519 4327 1594 acade-

723 1643 1032 1742 ¹‚inicos
1071 1659 1307 1742 cives,
1361 1667 1823 1745 vocatosque
1873 1647 1966 1720 ad
2012 1648 2367 1756 pietatem
2410 1646 2895 1730 cohortandi·
2939 1641 3173 1720 'nova
3220 1668 3464 1740 nuper
3502 1647 3669 1746 lege
3704 1667 4013 1758 cautum
4048 1645 4191 1736 est,
4245 1665 4328 1718 ut

797 1797 926 1870 hic
961 1806 1282 1886 quoq-ue
1327 1803 1496 1851 mos
1539 1777 1950 1862 maiorum,
2005 1798 2178 1869 quo
2226 1773 2525 1874 ingenia
2575 1795 2736 1844 non
2775 1772 3027 1845 minus
3062 1794 3287 1870 quam
3320 1773 3553 1846 animi
3586 1749 4171 1872 exsuscitantur,
4236 1773 4323 1845 ab

799 1922 1150 2019 neglectu
1191 1929 1264 1982 et
1304 1906 1690 1979 oblivione
1724 1901 2260 1977 vindicaretur.
2368 1906 2565 1971 Tum
2598 1893 2655 1970 fi
2692 1899 2819 2002 qui
2867 1896 3331 1992 inposterum
3366 1899 3555 1986 novi
3596 1899 4103 1975 Prosess'ores
4050 1925 4166 1972 ιιι
4200 1925 4329 1972 ιιιι-

799 2051 1092 2122 merum
1133 2035 1660 2138 adsciscentur,
1720 2027 2133 2125 capienda
2112 2029 2206 2098 tis
2243 2025 2417 2104 sunt
2456 2023 2773 2122 auspicia
2809 2027 3143 2099 muneris
3162 2024 3467 2122 scripto
3516 2027 3871 2122 publico,
3926 2051 4085 2128 quo
4128 2047 4207 2100 et
4244 2028 4335 2105 de

697 2255 708 2264 ,
782 2163 922 2272 ‚sua
959 2173 1274 2272 quisque
1309 2159 1696 2256 disciplina
1729 2155 2017 2253 aliquid
2053 2171 2548 2283 expromam,
2604 2172 2681 2226 et
2720 2153 2813 2226 ad
2854 2154 3273 2226 orationem
3314 2153 3697 2234 aditialem
3728 2155 4083 2231 invitent.
4193 2161 4333 2228 De-

801 2307 1032 2402 nique
1069 2290 1620 2388 disputationes
1674 2261 2179 2370 academicae,
2254 2271 2415 2353 ιιὸιι
2462 2281 2640 2352 illae
2678 2281 2984 2378 quidem
3039 2277 3497 2375 inposterum
3540 2305 3577 2352 a
3622 2271 4162 2356 Professoribus
4198 2308 4329 2380 pro

787 2415 982 2508 floco
1021 2430 1102 2500 in
1137 2419 1418 2494 Ordine
1449 2413 1908 2499 obtinendo,
1949 2409 2088 2482 sed
2123 2435 2162 2482 a
2199 2408 2663 2482 Doctoribus
2703 2427 2955 2480 tamen
3006 2425 3080 2478 et
3120 2405 3497 2506 Magistris
3550 2405 3925 2490 ἐπιδείξεως
3962 2411 4250 2490 caussa'
4228 2435 4335 2482 m·
4348 2483 4354 2488 .
4397 2484 4418 2494 ,

810 2553 1257 2634 stituendae,
1315 2533 1979 2650 denunciabuntur
2031 2543 2627 2634 programmate,
2709 2536 2917 2631 quod
2964 2540 3315 2609 Decanus
3366 2537 3487 2610 vel
3520 2522 3995 2613 Prodecanus
4030 2539 4331 2612 Ordinis

781 2687 923 2762 'sui
953 2677 1393 2756 auctoritate
1429 2686 1830 2765 proponet.
1903 2661 2317 2736 Postremo
2348 2688 2493 2734 nec
2538 2662 2923 2736 summos
2901 2686 2980 2732 ιιι
3026 2663 3454 2762 theologia,
3506 2664 3696 2741 iuris
3737 2663 4035 2742 scientia
4072 2685 4155 2742 et
4188 2685 4333 2738 arte

767 2791 1108 2890 ¹salutari
1142 2801 1470 2875 honores
1505 2795 1644 2870 r‘ite
1680 2812 1816 2868 aut
1851 2789 2176 2865 tribuere
2225 2809 2357 2863 aut
2402 2783 2761 2886 capessere
2800 2791 2883 2862 in
2918 2789 3317 2880 Academia
3352 2789 3637 2880 lenensi
3687 2793 3991 2884 licebit,
4056 2793 4199 2868 nisi
4220 2793 4335 2866 fa-

725 2963 730 2974 ’
771 2963 958 3044 ‘cta
991 2917 1311 3036 quadam
1355 2923 1718 3004 litteraria
1767 2923 1978 2998 velut
2026 2919 2646 3022 inauguratione,
2724 2931 2914 3048 quae
2950 2919 3240 2993 Decani
3296 2918 3423 3012 vel
3466 2918 3877 3027 Prodecani
3920 2920 4195 3017 scripto
4248 2917 4338 2996 sic

715 3119 744 3132 ω
810 3063 1366 3146 continebitur,
1439 3072 1566 3143 ut,
1639 3068 2012 3150 quantum
2059 3047 2462 3126 candidati'
2511 3046 2756 3118 laudis
2809 3071 2914 3117 ex
2960 3038 3319 3143 legitimis
3374 3043 3763 3121 doctrinae
3812 3048 4333 3144 speciminibus

811 3195 1248 3274 merebant,
1303 3200 1602 3256 tantum
1657 3177 1750 3252 ad
1791 3201 1918 3250 eos
1972 3163 2657 3248 commendationis
2697 3196 2790 3244 ex
2830 3176 2979 3244 hoc
3026 3173 3337 3266 publico
3392 3171 3823 3250 testimonio
3884 3177 4111 3250 etiam
4152 3175 4337 3268 apud

813 3343 1110 3399 exteros
1166 3309 1760 3386 redundaturum
1791 3303 1936 3384 fit..
2011 3281 2675 3395 Philosophorum
2701 3317 2955 3408 autem
3003 3295 3251 3387 Ordo,
3308 3323 3545 3396 quum
3582 3301 4021 3402 sollemnem
4063 3311 4335 3378 Docto·

778 3477 986 3534 :rum
1027 3472 1112 3519 ac
1148 3412 1682 3542 Magistrorum
1717 3431 2176 3503 creationem
2234 3428 2643 3524 quotannis
2698 3395 3219 3498 celebrandam
3270 3447 3822 3526 programmate
3855 3431 4091 3504 indici
4134 3455 4337 3528 opor-

791 3597 1008 3664 teat,
1061 3565 1421 3650 habebit
1400 3591 1480 3637 ιιι
1516 3563 1665 3635 hoc
1697 3555 2086 3645 instituto,
2143 3559 2294 3654 qud
2336 3580 2509 3628 cum
2546 3554 2811 3630 ceteris
2854 3551 3261 3628 Ordinibus
3304 3547 3717 3648 scribendo
3733 3539 4166 3632 contendat.

1014 3701 1220 3776 Haec
1255 3716 1408 3769 tam
1444 3691 1809 3786 sapienter
1845 3681 2217 3773 instituta,
2273 3685 2457 3782 quis
2495 3679 2595 3780 est
2638 3685 2839 3758 inter
2870 3707 3055 3772 nos,
3112 3682 3295 3779 quin
3338 3701 3551 3781 grato
3586 3685 3840 3785 animo
3880 3689 4213 3786 accipiat,
4264 3685 4335 3758 in

759 3833 764 3840 ’
771 3840 1054 3942 iisque
1071 3849 1370 3902 novum
1391 3824 1636 3919 laetus
1669 3813 2016 3914 agnoscat
2039 3813 2583 3885 documentum
2606 3807 2848 3898 studii,
2905 3807 3113 3906 quod
3128 3811 3512 3904 Principes
3543 3810 3996 3886 sereniffimi‘
3976 3838 4055 3886 ιιι
4074 3805 4341 3897 tuenda

821 3982 910 4038 et
929 3933 1265 4056 augenda
1285 3945 1730 4022 Academiae
1764 3941 2126 4038 dignitate
2159 3935 2625 4033 posuerunt?
2662 3938 2871 4010 Satis
2906 3937 3103 4008 enim
3138 3961 3346 4038 nunc
3376 3938 3753 4032 provisum
3790 3938 3911 4028 est,
3964 3965 4063 4016 ne
4082 3940 4344 4016 accidat

782 4083 998 4164 huic
1049 4079 1375 4164 civitati,
1445 4071 1657 4170 quod
1717 4085 2166 4176 eventurum
2201 4064 2663 4152 Academiis,
2742 4062 2829 4136 in
2866 4063 3160 4161 quibus
3170 4064 3364 4140 nihil
3396 4069 3691 4162 geratur
3722 4069 4065 4162 publicet,
4118 4087 4345 4164 neque

818 4215 1065 4292 oratio
1105 4209 1262 4282 ulla
1300 4203 1600 4301 publice
1637 4199 2023 4284 habeatur,
2079 4193 2429 4289 nihilque
2457 4190 2827 4264 scribatur
2858 4191 3185 4286 publice,
3239 4194 3587 4285 Heynius
3616 4183 4116 4273 minabatur.
4216 4201 4349 4268 Da·

829 4367 946 4420 tae
972 4339 1152 4416 sunt
1185 4331 1460 4408 causs'ae
1498 4347 1594 4401 et
1610 4310 2213 4422 opportunitates
2256 4343 2479 4434 quam
2500 4320 2893 4416 plurimae,
2952 4321 3275 4416 quibus
3254 4317 3559 4420 ingenia
3579 4317 3961 4419 studiaque
3981 4341 4345 4412 acuantur,

827 4493 902 4546 et
935 4465 1156 4566 pestis
1193 4457 1801 4541 Academiarum,
1854 4469 2211 4525 veternus
2249 4475 2337 4523 ac
2374 4447 2764 4534 socordia,
2792 4448 3238 4522 excutiatur.
3342 4453 3667 4524 Cautum
3707 4446 3829 4539 est,
3882 4475 3981 4524 ne
4016 4445 4346 4528 Profess'c-

829 4623 945 4684 res
983 4611 1113 4669 aut
1149 4609 1408 4663 recens
1449 4582 1703 4669 creati,
1758 4597 2141 4674 tamquam
2182 4576 2389 4666 κωφὰ
2430 4575 2749 4670 oretis-wora
2786 4574 3159 4648 cathedris
3188 4576 3725 4670 imponantur,
3780 4596 3911 4652 aut
3938 4580 4021 4652 in
4048 4575 4341 4655 statione

825 4730 982 4802 iam
1013 4719 1300 4794 dudum
1335 4710 1718 4818 collocati,
1771 4705 2206 4804 quotidiana
2231 4703 2555 4776 docendi
2575 4725 2798 4797 opera
2826 4681 3253 4776 Profess'oris
3284 4727 3567 4777 nomen
3601 4723 3681 4778 et
3708 4729 3987 4781 munus
4017 4700 4343 4782 concludi
4399 4767 4410 4772 ,

829 4847 1262 4948 absolvique
1281 4843 1820 4984 arbitrentur,
1841 4857 2036 4912 neve
2067 4832 2159 4908 ab
2195 4821 2557 4906 scribendi
2592 4827 2727 4908 usu
2762 4827 3027 4926 aversi,
3080 4831 3161 4904 in
3188 4829 3487 4947 vulgari
3510 4831 3947 4978 disciplinae
3974 4821 4343 4945 tradendae
