4567 5742
746 751 950 826 fluxa
1006 768 1080 824 et
1135 715 1562 839 mutabilia,
1644 747 1764 820 sed
1807 749 2028 820 etiarn
2061 743 2341 820 diversa
2382 746 2527 826 fint
2560 721 2959 823 hominum
2990 745 3309 821 iudicia.
3394 767 3665 826 vereor
3700 773 3839 848 ego
3876 751 4279 824 vehemen-

703 898 896 967 ter,
968 897 1045 952 et
1091 879 1258 950 fatis
1306 875 1485 950 iusta
1540 873 1640 948 est
1699 876 1930 948 caussa
1979 877 2324 964 verendi,
2402 895 2524 966 ut,
2596 876 2873 974 quibus
2918 874 3228 970 probari
3268 878 3541 970 cupio,
3615 877 4041 950 censoribus
4078 877 4287 949 satisd

710 1005 1040 1082 faciam.
1127 1004 1734 1105 Quamobrem,
1766 1027 1865 1079 ne
1918 1005 2073 1074 ulla
2123 991 2483 1099 umquam
2532 1003 2623 1074 de
2674 1002 2955 1076 libellis
3000 1003 3184 1075 meis
3245 1003 3694 1098 disceptatio
3734 1023 3864 1080 aut
3888 1005 4284 1076 altercatio

750 1135 1169 1208 renascatur
1219 1155 1390 1204 cum
1445 1133 1574 1217 iis,
1655 1155 1980 1228 quorum
2023 1133 2104 1202 in
2154 1129 2410 1203 favore
2462 1149 2537 1202 et
2588 1133 2943 1229 amicitia
2969 1137 3321 1225 magnam
3368 1131 3755 1210 felicitatis
3808 1131 4281 1204 academicae

683 1277 697 1298 ·'
747 1281 1040 1357 partem
1079 1285 1374 1374 ponere
1420 1259 1666 1345 solen,
1733 1284 1896 1332 rem
1946 1254 2048 1330 it‘a
2091 1259 2578 1347 moderabor,
2654 1275 2742 1330 ut
2776 1259 2856 1328 in
2885 1259 3015 1330 his
3055 1253 3363 1353 quidem
3377 1257 3735 1353 scriptis,
3816 1283 4001 1354 quae
4039 1277 4112 1330 et
4145 1283 4286 1328 nu·

753 1411 964 1460 mero
1019 1391 1234 1482 plura
1292 1405 1366 1458 et
1421 1402 1757 1480 tempore
1791 1386 2301 1482 frequentiora
2334 1387 2541 1475 sunt,
2610 1409 2771 1456 non
2812 1404 2961 1455 tarn
3006 1410 3167 1456 mea
3210 1411 3673 1482 proponam,
3749 1409 3973 1482 quam
4014 1386 4285 1472 aliena,

749 1518 834 1590 in
893 1500 1157 1614 edictis
1202 1515 1504 1611 quidem
1555 1531 1633 1585 et
1682 1513 2091 1586 annalibus
2119 1511 2602 1630 academicis,
2674 1538 2860 1608 quae
2896 1519 3210 1584 Senatus
3254 1488 3576 1611 benigne
3614 1539 3911 1590 mecum
3950 1537 4291 1584 commu·

665 1719 672 1726 ,
751 1644 1036 1716 nicabit
1074 1647 1171 1732 2),
1225 1643 1304 1712 in
1348 1640 1611 1712 ceteris
1640 1639 1924 1711 inedita
1963 1641 2326 1736 quaedam
2370 1643 2707 1712 virorum
2752 1639 3257 1726 eruditorum,
3330 1642 3699 1734 imprimis
3732 1641 3981 1725 illius,
4059 1663 4289 1736 quem

751 1797 1018 1866 prope
1045 1769 1363 1840 ἅπτωτὸν
1410 1769 1490 1838 in
1529 1761 1979 1838 scribendo
1958 1793 2108 1839 iam
2151 1767 2441 1839 dud‘um
2476 1768 2747 1838 summi
2778 1768 3123 1838 homines
3157 1767 3705 1884 iudicaverunt.
3796 1773 3910 1838 Et
3944 1767 4289 1840 absoluta

755 1897 1197 1974 Ruhnkenii
1250 1895 1340 1966 de
1394 1893 1990 1989 Antiquitatibus
2045 1892 2422 1991 Romanis
2482 1887 3201 1979 commentatione,
3264 1895 3475 1966 cuius
3534 1873 3801 1990 magna
3864 1917 4033 1987 pars
4094 1894 4291 1964 mihi

757 2017 1074 2140 superest
1126 2022 1451 2127 edenda,
1521 2045 1660 2114 per
1709 2023 2120 2092 amicorum
2177 2011 2785 2092 benevolentiam
2837 2021 2914 2092 in'
2961 2037 3315 2114 promptu
3348 2018 3517 2091 sunt
3554 2023 3733 2108 alia,
3806 2047 3993 2116 quae
4028 2021 4120 2092 ab
4160 2045 4290 2094 ex·

754 2155 936 2226 teris
990 2150 1290 2244 scripta,
1365 2167 1439 2218 et
1475 2148 1717 2218 adhuc
1755 2148 2035 2218 scriniis
2073 2137 2377 2219 inclusa
2377 2202 2398 2235 ,
2472 2155 2631 2219 'non
2670 2147 2965 2222 minore
3002 2171 3201 2228 cum
3220 2149 3587 2234 utilitate,
3672 2154 3893 2244 quam
3930 2147 4290 2220 Ruhnke-

760 2281 990 2353 niana
1035 2279 1260 2364 i11a‚-.
1283 2278 1361 2347 in
1411 2276 1657 2346 lucem
1710 2263 2206 2380 proferantur.
2315 2279 2425 2346 Ita
2466 2274 2994 2370 quodcumque
3032 2271 3491 2366 inposterum
3533 2293 3853 2378 utroque
3887 2300 3983 2346 ex
4013 2298 4319 2372 genere,

761 2409 1060 2492 edetur,
1141 2429 1296 2499 quo
1343 2402 1686 2498 quidque
1729 2401 2204 2472 referendum
2264 2400 2390 2487 sit,
2463 2423 2786 2495 quorum
2836 2396 3131 2470 interest
3186 2401 3458 2472 scient.
3542 2403 3687 2496 qui
3708 2401 3983 2487 sciunt,
4061 2419 4149 2471 ut
4186 2399 4293 2474 fa·
4349 2473 4359 2478 ,

760 2554 992 2612 veant
1041 2528 1472 2626 proposito,
1539 2550 1840 2622 precor.
1909 2529 2132 2624 nobis
2183 2547 2477 2614 autem,
2549 2527 2750 2622 quod
2792 2525 2957 2598 Deo
2994 2525 3301 2597 iubente
3340 2530 3715 2623 reliquum
3754 2529 3889 2600 erit
3928 2524 4295 2596 academi·
4340 2579 4349 2588 .

647 2701 660 2714 ,
767 2687 894 2734 cae
944 2661 1219 2766 vitae,
1257 2681 1351 2728 ex
1408 2657 1640 2726 animi
1687 2656 2088 2742 sententia,
2159 2657 2308 2726 hoc
2370 2650 2512 2744 est,
2593 2652 2945 2747 privatim
2994 2673 3347 2746 pacatum
3378 2657 4107 2752 tranquillumque,
4144 2675 4291 2724 nec

753 2787 1062 2886 publice
1101 2783 1404 2880 ὅμόυσον
1436 2799 1660 2878 atque
1695 2781 2048 2852 incassum
2087 2779 2295 2852 fluet.
2372 2856 2386 2864 ,
2984 2865 2989 2872 ¹
3169 2864 3178 2876 ι

957 2914 1106 2984 His
1151 2912 1258 2987 ita
1300 2907 1692 3004 expofitiS,
1765 2907 2032 3016 faciam
2089 2909 2361 3004 quod‘
2341 2934 2420 2979 ιιι
2474 2907 2897 3010 praesenti
2887 2908 3218 2979 muneris
3271 2893 3425 2979 mei
3440 2905 3599 2992 est.
3706 2907 4159 2982 Tefiandum
4192 2901 4293 2980 eft

756 3043 1016 3130 κειιίιιι,
1087 3040 1333 3110 virum
1373 3033 1842 3109 clarissimum
1879 3032 2676 3132 humaniffimumque,
2767 3038 3115 3110 carolum
3182 3043 3699 3108 Hermannum
3768 3037 4293 3123 Scheicllerum,

776 3141 1248 3250 Gotlzarium,
1332 3163 1547 3232 editis
1609 3139 1992 3234 doctrinae
2041 3161 2620 3254 speciminibus,
2698 3133 3638 3254 ordini-fhilosophorum
3694 3165 3795 3234 ita
3850 3161 4293 3254 satisfeciss‘p,

769 3311 860 3364 ut
906 3293 1218 3388 dignum
1270 3313 1446 3363 eum
1497 3286 2118 3375 existimaremus,
2195 3289 2317 3359 cui
2353 3290 2705 3360 Doctoris
2762 3266 3178 3364 honoribus
3228 3261 3979 3414 iam'antea‘ornato,
4057 3291 4293 3362 etiam

769 3415 1178 3519 Maristerii
1225 3411 1553 3486 Ienenfis
1614 3413 1772 3484 iura
1803 3414 2423 3510 impertirentur,
2500 3437 2747 3518 eoque
2783 3409 3133 3506 potestas
3142 3413 3348 3484 fieret
3380 3415 3668 3500 scholas
3712 3420 3788 3488 ἱιι
3832 3421 3973 3519 hac
4012 3415 4295 3488 Acade·

767 3549 914 3618 mia
953 3515 1300 3614 habendi.
1405 3540 1698 3612 Placuit
1733 3542 1932 3614 enim
1985 3542 2293 3634 optimis
2338 3541 2812 3638 Principibus
2854 3537 3127 3626 nostris
3182 3542 3405 3611 etiam
3456 3545 3661 3612 hac
3638 3571 3717 3614 ιιι
3760 3569 3838 3615 re
3889 3512 4294 3615 instaurare

768 3697 1059 3754 morem
1097 3688 1171 3741 et
1201 3669 1644 3762 opinionem
1683 3653 2101 3753 maiorum,
2171 3669 2307 3763 qui
2339 3664 2694 3765 Magistro
2728 3669 3071 3762 legitime
3122 3685 3367 3739 creato
3407 3671 3581 3776 plus
3622 3671 4007 3767 dignitatis
4040 3671 4297 3742 acade-

769 3801 1012 3908 micae
1056 3792 1529 3882 tribuebant,
1589 3819 1837 3889 quam
1889 3795 2258 3880 Doctori,
2330 3797 2799 3890 omninoque
2838 3769 3250 3891 Magisterii
3314 3791 3606 3865 iuribus
3669 3799 3809 3867 rite
3879 3798 4294 3890 impetratis

771 3926 1119 4000 omnium
1170 3923 1762 3992 academicorum
1803 3923 2184 4004 honorum
2219 3921 2493 4016 gradus
2534 3939 2913 4016 tamquam
2951 3919 3198 3992 solido
3258 3919 3342 3991 a‘c
3374 3921 3593 4019 firmo
3628 3922 4125 3994 fundamento
4179 3923 4298 3995 su-

727 4063 734 4072 '
770 4050 1312 4152 perstruebant.
1413 4025 1880 4146 Qua-mquam
1919 4067 2100 4118 vero
2138 4045 2310 4114 sunt
2346 4045 2598 4132 hodie,
2650 4038 3085 4148 praesertim
3118 4046 3558 4140 plebeculae
3590 4070 3841 4120 auram
3883 4069 4307 4145 captanteS,

771 4203 992 4292 quos
1007 4177 1226 4249 unice
1263 4175 1620 4246 Doctoris
1653 4173 1920 4266 titulus
1955 4173 2058 4242 ita
2094 4173 2453 4260 delectet,
2509 4190 2596 4242 ut
2628 4167 3021 4268 Magistros
3066 4170 3137 4242 se
3182 4175 3540 4268 appellari
3574 4199 3809 4270 paene
3841 4179 4299 4275 ignominie

763 4309 930 4382 sum
981 4275 1302 4378 ducant:
1375 4319 1628 4373 tamen
1683 4299 2105 4394 optandum
2165 4285 2270 4398 est
2322 4301 2865 4416 vehementer,
2912 4315 3001 4368 ut
3046 4299 3507 4400 Academiis,
3562 4302 3645 4373 in
3695 4305 3967 4398 quibus
4019 4305 4293 4404 artium

767 4431 1169 4534 magisteria
1205 4405 1700 4554 refrixerunt,
1751 4451 1940 4500 mox
1990 4425 2247 4498 redeat
2300 4449 2518 4499 aurea
2570 4427 2709 4498 illa
2754 4443 2999 4514 aetas,
3048 4451 3201 4523 qua
3236 4393 3571 4526 Magistri
3598 4431 3940 4526 Philippi
3968 4399 4291 4504 eruditio

937 4739 1001 4810 ιι)
1041 4735 1232 4796 Haec
1263 4749 1383 4812 ego
1415 4727 1798 4808 scripseram
1827 4727 2050 4810 paullo
2077 4727 2214 4808 poli
2243 4747 2445 4808 quam
2613 4729 2801 4798 surae
2846 4741 3189 4813 exemptos
3238 4729 3363 4794 effe
3403 4733 3716 4796 Annales.
3814 4733 4044 4816 Itaque
4080 4737 4153 4799 iu
4182 4733 4290 4798 his

767 4861 980 4908 novae
1035 4840 1420 4902 doctoribus
1483 4837 1866 4902 lenenfibus
1920 4837 2098 4916 leges
2152 4837 2446 4916 perlatae
2615 4837 2931 4922 pleraque
2968 4861 3045 4902 ex
3083 4823 3529 4929 me'promere
3561 4843 3749 4907 ausus
3778 4844 3943 4914 sum.
3977 4875 3986 4883 κ

755 4957 988 5022 essent.
1069 4948 1242 5014 Mox
1285 4949 1596 5032 Collegae
1643 4962 1753 5010 me
1791 4947 2214 5022 docuerunt,
2281 4965 2437 5008 cen·
