4567 5742
1796 557 2582 648 “····ι443,·--;’

366 685 765 800 auctorem
800 685 1037 800 liuius
1082 725 1197 799 rei
1232 725 1593 826 ignarum
1631 729 1877 822 fuisse,
1934 700 2049 802 vel
2094 731 2618 834 negligentius
2663 729 3043 826 scripsisse.
3151 733 3326 826 Pari
3361 733 3595 807 modo
3653 733 3732 806 in
3787 759 3922 808 au·

362 855 605 924 cteris
640 855 1160 962 ignorantiam
1196 855 1551 925 invectus
1600 857 1704 926 est
1742 858 1831 928 ad
1881 859 2124 928 eiusd.
2168 861 2298 928 vit.
2341 869 2504 952 cap.
2538 853 2722 949 VII,
2769 879 2884 948 5.,
2935 860 3074 930 ubi
3114 861 3367 931 nescio
3411 884 3566 956 quo
3604 864 3921 934 nomine

366 985 705 1088 Pactyen
734 1031 739 1037 -
769 982 861 1050 ab
910 983 1684 1080 auctore.regionem
1722 984 2073 1054 habitam
2120 985 2267 1054 esse
2319 983 2795 1056 existimavit.
2898 985 3237 1056 Verbum
3285 964 3756 1064 communire.
3773 960 3916 1086 pro

358 1105 779 1179 moenibus
832 1107 1293 1182 circumdare
1326 1083 1707 1210 scriptum
1762 1103 1962 1181 vult.
2054 1111 2149 1182 In
2182 1111 2418 1182 rebus
2457 1095 2980 1209 grammaticis
3028 1121 3342 1210 (suoque
3377 1114 3592 1188 haud
3628 1118 3921 1211 ubique

360 1233 541 1304 fatis
584 1217 939 1305 accurate
994 1255 1083 1306 ac
1141 1235 1557 1332 diligenter
1620 1237 1956 1308 versatus
1996 1237 2099 1307 est
2137 1236 2646 1310 excutiendis.
2748 1239 3152 1310 Accusavit
3202 1255 3643 1332 auctorem,
3707 1243 3920 1334 quod

354 1334 815 1454 tomani-um
848 1373 931 1431 et
960 1361 1371 1433 modorum
1396 1411 1420 1453 ‚
1480 1377 2087 1466 quaesvocatur,
2146 1363 2840 1458 consequutionem
2875 1387 3148 1456 parum
3189 1367 3592 1438 curarerit.
3679 1367 3793 1442 ·Id
3837 1386 3922 1443 ut
3953 1447 3974 1458 „

260 1467 273 1474 ”
359 1487 948 1581 comprobaret,
1019 1489 1374 1584 exempla
1410 1490 1746 1586 attulit,
1796 1497 1992 1583 quae
2036 1491 2356 1580 Cicero,
2431 1490 2487 1560 fi
2533 1489 2858 1581 adesset,
2939 1491 3098 1583 ipse
3135 1491 3521 1584 probaret.
3626 1495 3922 1590 Repre.
4045 1538 4054 1546 -

358 1612 645 1699 hendit
682 1615 1133 1688 Cornelium
1161 1665 1185 1706 ,
1258 1616 1467 1710 quod
1510 1616 1831 1690 dixeritt
1911 1617 2149 1708 „adeo
2183 1609 2501 1719 augusto
2517 1613 2732 1698 ,ηἰανί
2771 1611 3142 1712 conflixit,
3219 1633 3304 1688 ut
3351 1613 3750 1695 multitudo
3789 1649 3919 1697 na-

317 1803 329 1808 -
366 1745 570 1818 oium
606 1742 963 1841 wlican'
1005 1767 1151 1818 non
1194 1743 1533 1840 potuerit.
1541 1751 1591 1786 ‘⁶
1650 1747 1791 1832 In
1837 1767 1997 1838 quo
2056 1745 2372 1838 quidem
2435 1756 2812 1837 quantum
2867 1767 2908 1813 a
2963 1767 3145 1813 vero
3182 1743 3572 1824 Rinckius
3615 1748 3918 1822 aberra·

356 1869 608 1958 verit,
698 1885 789 1941 ut
854 1872 1233 1966 explicem
1254 1923 1277 1962 ,
1332 1873 1563 1942 liceat
1610 1813 1807 1942 rnihi
1856 1871 2177 1944 omnino
2228 1871 2670 2000 paullulum
2731 1863 3092 1964 amplius
3107 1869 3202 1940 de
3243 1869 3396 1942 hoc
3439 1873 3920 1950 coniunctivi

359 1997 741 2093 temporis
792 1997 1189 2092 praeteriti
1228 1970 1368 2070 usu
1408 2022 1693 2098 agere.

572 2125 789 2196 Haec
834 2121 1203 2221 digressio
1280 2149 1373 2197 eo
1446 2127 1693 2224 magis
1764 2125 1953 2196 huic
2026 2123 2456 2216 quaestioni
2511 2121 2976 2212 conveniet,
3061 2145 3220 2217 quo
3273 2077 3574 2218 saepius
3633 2126 3727 2200 de
3781 2129 3918 2204 illo

362 2251 506 2322 usu
562 2265 959 2344 tamquam
1002 2251 1097 2324 de
1141 2253 1485 2323 Cornelii
1530 2252 1937 2325 insolentia
1998 2252 2520 2344 disputatum,
2593 2271 2852 2342 neque
2893 2264 3156 2322 tamen
3195 2248 3287 2318 ad
3324 2249 3706 2344 liquidum
3744 2281 3921 2350 per.

365 2361 705 2449 {entum'
745 2377 871 2447 est.
976 2383 1177 2450 Ante
1240 2379 1503 2450 omnia
1542 2389 1808 2452 autem
1860 2373 2158 2448 necesse
2210 2377 2360 2468 est,
2421 2390 2513 2447 ut
2549 2399 2688 2464 ea,
2764 2398 2964 2468 quae
2997 2375 3490 2446 recentissimi
3543 2397 3920 2476 gramma·

366 2505 509 2579 tici
576 2509 911 2600 (veteres
977 2505 1184 2576 enim
1257 2505 1382 2575 vix
1436 2529 1521 2575 ac
1576 2529 1675 2579 ne
1729 2501 1858 2578 vix
1908 2505 2224 2598 quidem
2276 2501 2484 2574 hanc
2559 2525 2728 2571 rem
2797 2501 3152 2606 subtilius
3221 2509 3744 2599 tractarunt),
3833 2510 3919 2580 il-

366 2635 779 2727 larumque
831 2630 1163 2701 vitarum
1220 2631 1561 2705 editores
1618 2633 1713 2702 de
1760 2633 1897 2703 illo
1942 2631 2082 2700 usu
2134 2629 3064 2730 proposuerunt,tquum
3103 2651 3270 2700 non
3313 2627 3745 2724 sufficiant,
3778 2661 3922 2712 se-

330 2747 645 2847 ‘fujtetm
768 2761 985 2832 Inter
1050 2757 1520 2850 interpretes
1594 2759 1943 2834 melioris
2017 2770 2249 2826 notae
2327 2755 2680 2864 Brernius
2749 2769 3230 2826 numeratur.
3355 2755 3656 2830 Hiczad
3706 2763 3912 2836 Milt.

362 2855 581 2980 V,*1.
638 2886 1065 2958 lectionem
1122 2868 1543 2973 „balueriw
1604 2885 1753 2972 iarn
1812 2884 2107 2955 dudum
2162 2897 2557 2971 vexatam,
2651 2905 2796 2976 pro
2853 2904 3004 2974 qua
3063 2880 3252 2954 Cod.
3307 2881 3618 2954 Daniel.
3679 2861 3950 2964 habet'

368 3000 778 3106 „valeretd
812 3011 937 3083 his
974 3012 1229 3084 verbis
1270 3010 1656 3084 defendit:
1732 2995 2065 3107 „abique”
2089 3008 2260 3080 bene
2295 3003 2437 3112 effe
2477 3000 3073 3112 distinguendum
3111 3013 3302 3082 inter
3339 3010 3694 3087 actionem
3741 3002 3918 3092 tein-

366 3145 571 3247 poris
625 3155 993 3214 momento
1042 3156 1549 3236 perpetratam
1604 3155 1677 3211 et
1730 3140 2152 3248 continuam
2167 3161 2202 3215 ,·
2268 3135 2390 3207 ubi
2443 3131 2572 3222 illa
2608 3121 3245 3240 fic'intelligenda
3303 3132 3640 3240 perfecti,
3693 3140 3910 3239 wem

375 3293 723 3347 vocamus
775 3244 1351 3356 coniunctium,
1428 3265 1551 3340 uba·
1601 3265 1813 3360 haec,
1866 3258 2276 3365 imperfecti
2329 3266 2867 3358 coniunctiyum
2923 3266 3274 3361 requiri.“
3393 3267 3682 3364 Negari
3749 3295 3915 3344 non

280 3369 287 3380 ²
364 3387 648 3494 posest,
694 3395 957 3492 plures
1011 3393 1231 3466 locos
1284 3393 1856 3470 fortefortuna
1910 3390 2286 3488 reperiri,
2348 3391 2498 3484 qui
2547 3389 2630 3462 in
2691 3375 2892 3488 hanc
2944 3413 3111 3462 rem
3167 3391 3436 3462 facere·
3481 3394 3912 3491 videantur,

368 3545 611 3619 quum
648 3539 923 3593 eorum
956 3535 1230 3590 natura
1268 3521 1652 3591 eiusmodi
1692 3517 1823 3610 fit,
1899 3537 1990 3588 ut
2018 3501 2213 3588 haec
2244 3519 2468 3589 n'otio
2508 3517 2604 3588 iis
2639 3516 2872 3588 inferi
2908 3515 3176 3610 possit:
3260 3521 3347 3587 E.
3391 3541 3462 3613 g.
3493 3503 3692 3612 ven.
3749 3525 3930 3602 Pat.x

364 3653 471 3740 Π,
520 3634 645 3738 15.
698 3647 790 3719 Id
828 3647 1163 3718 maiores
1220 3645 1623 3744 diligentia
1664 3635 2164 3738 'vitaret-unt,
2242 3657 2332 3712 ut
2385 3641 2590 3712 cives
2631 3643 3028 3713 Romanos
3071 3643 3128 3710 e'
3153 3642 3556 3736 provincia
3587 3647 3680 3718 ad
3735 3653 3946 3750 cen·-

300 3827 309 3838 -
368 3775 689 3850 sendum
736 3775 1170 3850 vocaverint.
1280 3773 1489 3842 Suet.
1540 3773 1715 3842 Tib.
1770 3789 1892 3860 51.
1998 3771 2272 3838 Cetera
2321 3769 2492 3838 iure
2538 3765 2964 3840 ordinario·
2989 3769 3421 3866 agebantur
3467 3783 3683 3844 tanta
3724 3797 3909 3848 con·

366 3908 619 3979 sulum
656 3903 1148 3990 auctoritate,
1204 3913 1291 3969 ut
1328 3899 1567 3998 legati
1611 3923 1703 3968 ex
1736 3897 1991 3968 Africa
2028 3896 2348 3970 adierint
2387 3899 2522 3966 'eos
2561 3911 3025 3988 quaerentes
3049 3943 3074 3990 ,
3125 3893 3332 3964 trahi
3373 3894 3446 3964 se
3484 3920 3522 3964 a
3565 3899 3908 3976 Caesare.
3979 3925 3990 3960 ‹

368 4033 527 4114 Cic·
566 4053 705 4126 pro
730 4028 1144 4100 Mi1.x111.
1186 4026 1537 4137 3,Qua·in
1560 4026 1786 4096 turba
1816 4021 2205 4092 Vibienus
2244 4021 2550 4095 senator
2583 4022 2690 4094 ita
2725 4021 2829 4092 est
2869 4021 3271 4112 multatus,
3329 4036 3416 4091 ut
3457 4022 3692 4096 vitam
3727 4031 3912 4102 ami·

350 4153 621 4264 ser1t“
722 4153 812 4227 Id
848 4153 943 4225 ad
979 4159 1127 4226 Att.
1162 4155 1295 4242 VI,
1360 4171 1420 4222 1.
1412 4154 1887 4246 „Senatum
1938 4149 2318 4218 inclusum
2371 4148 2452 4218 in
2491 4149 2698 4219 curia
2735 4147 3224 4236 habuerunt,
3284 4163 3370 4219 ut
3405 4153 3826 4224 nonnulli
3797 4181 3906 4228 m·

319 4287 695 4365 *teriorine
726 4281 950 4354 fame.
960 4286 1011 4328 ‘⁴
1116 4277 1269 4375 Qui
1311 4237 1598 4350 factum
1640 4277 1729 4347 sit
1767 4292 1854 4346 ut
1883 4273 1967 4344 in
2005 4275 2158 4344 illis
2192 4275 2384 4344 locis
2452 4275 2660 4352 actio,
2703 4273 2920 4344 brevi
2969 4288 3322 4368 ternpore
3376 4275 3719 4349 absoluta
3777 4280 3907 4358 de·
3941 4375 3964 4390 .

367 4419 761 4520 signetur,
810 4433 905 4478 ex
950 4429 1207 4478 rerum
1246 4421 1521 4479 natura
1556 4417 1794 4498 patet.
1900 4404 2131 4472 Nunc
2163 4401 2398 4471 satius
2437 4400 2586 4470 erit
2621 4400 2796 4475 aliis
2826 4401 3017 4471 locis
3061 4401 3538 4471 contrarium
3571 4405 3905 4496 probare

384 4547 537 4622 Cic.
569 4567 649 4641 p.
689 4543 823 4614 'Gn-
863 4537 1173 4612 Plancio
1220 4553 1329 4622 15.
1367 4531 1549 4624 „sed
1590 4553 1833 4626 quum
1872 4527 1964 4597 sit
2002 4527 2083 4596 C.
2121 4527 2199 4597 P.
2240 4519 2302 4596 i's
2345 4547 2584 4619 eques
2619 4527 2711 4597 R.
2754 4551 2841 4597 ea
2877 4528 3214 4620 primum
3259 4525 3628 4598 vetustate
3668 4554 3901 4625 eque-

196 4674 210 4688 '
273 4746 282 4753 ,
364 4663 531 4743 stris
570 4664 918 4754 ordinis,
964 4677 1057 4732 ut
1094 4675 1357 4756 pater,
1410 4674 1503 4729 ut
1548 4681 1783 4746 avuS,
1840 4669 1930 4725 ut
1968 4653 2298 4739 maiores
2342 4653 2508 4724 eius
2549 4676 2818 4724 omnes
2857 4652 3156 4746 equites
3199 4653 3292 4723 R.
3311 4645 3651 4752 fuerint,
3704 4657 3906 4730 sum·
3935 4723 3942 4734 ,
4048 4697 4061 4709 ·

364 4821 583 4876 mum
632 4791 719 4864 in
772 4773 1258 4886 praefectura
1301 4777 1830 4886 florentissima
1870 4780 2189 4880 gradum
2239 4791 2318 4848 et
2361 4777 2756 4886 dignitatis
2797 4793 2876 4848 et
2918 4777 3258 4875 gratiae,
3304 4778 3584 4867 deinde
3628 4799 3717 4854 ut
3734 4783 3904 4880 ipse

364 4931 450 4997 i=n
482 4919 935 5024 legionibus
968 4917 1051 4988 P.
1090 4911 1325 4986 Crassi
1364 4909 1852 5006 imperatoris
1897 4910 2101 4977 inter
2134 4903 2654 4977 ornatissimos
2693 4903 3082 4995 homines,
3139 4904 3442 4998 equites
3472 4907 3569 4979 R.
3607 4911 3904 4984 summo
3935 4909 3979 5030 θ’

3109 5031 3320 5107 Kkk
3381 5053 3428 5110 a
