4567 5742
2079 545 2192 595 -.-
2344 511 2536 602 363κ
2650 543 2755 570 “-
3402 531 3417 540 ’
3827 535 4006 562 “·““

671 695 798 770 vel
817 695 1126 770 levator
1153 709 1510 788 vocatur,
1564 696 1645 770 in
1683 713 1864 774 cute
1897 715 2164 772 contra
2221 700 2673 798 plerumque
2702 693 3122 789 Extensor‚
3166 685 3601 794 'inspirator
3636 713 3849 782 etc.;·
3888 694 4096 796 quod
4132 697 4221 770 il·

669 824 776 900 lic
813 823 1232 920 sphincter,
1287 824 1370 896 in
1421 830 1621 898 cutis
1674 823 2120 927 perfectiore
2159 827 2731 902 muscularitate
2768 825 3156 916 Flexoris,
3210 823 3709 921 Exspiratoris
3746 844 3889 900 etc.
3914 849 4221 898 nomen

505 989 516 998 ·
571 1024 578 1032 ,
674 949 967 1048 accipit.
1067 951 1390 1024 Etenim
1417 949 1647 1026 fibrae
1683 956 2150 1028 musculares
2197 972 2274 1028 et
2306 951 2611 1048 systema
2660 953 3091 1026 musculare
3126 971 3217 1026 ut
3250 954 3580 1066 primum
3628 951 3711 1026 in
3752 971 3927 1028 cute
3966 953 4225 1026 oriun-

675 1097 836 1168 tur,
891 1078 1174 1152 eodem
1195 1081 1731 1178 antagonismo
1767 1079 2252 1176 separantur
2229 1105 2312 1156 ιιι
2365 1081 2553 1156 duas
2586 1095 2837 1178 partes
2863 1133 2886 1169 ,
2958 1079 3155 1152 nihil
3210 1076 3791 1170 constituentes,
3842 1077 3983 1154 nifi
4020 1103 4231 1175 repe·

493 1211 502 1220 ’
599 1291 608 1298 ,
681 1207 1036 1280 titionem
1073 1205 1542 1282 cohaefionis
1580 1227 1658 1282 et
1691 1207 2170 1306 expansionis
2193 1261 2214 1299 ,
2268 1207 2547 1306 quibus
2592 1209 2759 1282 iam.
2780 1207 3231 1308 anorganica
3262 1226 3337 1282 et
3372 1205 3768 1281 inferiores
3800 1208 4234 1332 organismi

674 1335 912 1406 nullis
954 1335 1050 1408 ad
1081 1353 1380 1409 motum
1411 1335 1712 1435 organis
1743 1335 2094 1432 propriis
2133 1333 2473 1410 instructi
2526 1335 2981 1436 gaudebant
3088 1334 3343 1410 Oritur
3380 1334 3585 1408 enim
3620 1333 3818 1420 latus
3856 1333 4235 1428 cohaesio·

582 1559 590 1566 ο
654 1462 796 1534 -nis
852 1461 1270 1558 (flexionis)
1325 1480 1402 1536 et
1451 1464 1656 1536 latus
1717 1459 2196 1560 expansionis
2251 1461 2817 1560 (extensionis),
2906 1486 3233 1560 quorum
3282 1463 3623 1570 primum
3672 1463 4057 1536 anteriore
4102 1463 4231 1542 seu
4307 1447 4315 1452 ”

683 1587 1068 1662 inferiore
1095 1592 1436 1686 corporis
1485 1591 1798 1688 planitie
1853 1591 2176 1665 ventrali
2225 1591 2467 1681 dicta,
2543 1589 2955 1667 secundum
3008 1589 3226 1663 dorso
3280 1591 3409 1664 seu
3446 1590 3761 1686 planitie
3796 1564 4077 1664 lumini
4114 1590 4243 1664 ad·

573 1765 598 1794 l
687 1717 888 1793 versa
941 1717 1551 1814 repraesentatur.
1651 1725 1768 1793 Ita
1805 1718 1892 1792 fit
1925 1735 2014 1790 ut
2049 1744 2113 1792 e.
2151 1743 2262 1816 gr.
2300 1719 2382 1790 i'n
2412 1717 2799 1793 vermibus
2836 1735 3161 1816 quatuor
3210 1715 3571 1794 fibrarum
3609 1719 3871 1792 lacerti
3902 1705 4243 1792 sibimet-

683 1842 858 1942 ipsis
895 1845 1222 1942 oppositi
1253 1849 1756 1942 reperiantur,
1812 1869 2140 1952 qnorum
2173 1844 2331 1920 duo
2372 1843 2590 1923 dorso
2624 1843 2825 1920 affixi
2858 1843 3369 1919 extensionem
3416 1843 3791 1936 efficiunt,
3842 1842 3999 1919 duo
4054 1869 4275 1918 ven--

683 1973 790 2045 tri
821 1973 1100 2054 adnexi
1135 1973 1228 2048 ad
1263 1973 1670 2072 flexionem
1722 1947 2090 2078 corp-oris¹
2125 1971 2690 2070 provocandam
2722 1969 3041 2046 faciunt.
3146 1973 3432 2048 Eadem
3482 1959 3799 2064 fimpleit
3842 1975 4245 2047 musculo·
4310 1984 4347 2012 ·”

684 2123 859 2173 rum
894 2089 1254 2197 polaritas
1285 2103 1370 2176 in
1419 2101 1764 2191 insectis,
1818 2098 2148 2199 ipsisque
2207 2099 2544 2197 piscibus
2599 2100 2931 2176 cernitur
2944 2127 2971 2185 3
3038 2124 3219 2174 nam
3270 2099 3511 2197 pisces
3552 2100 3857 2176 duobus
3906 2120 4243 2178 utuntur

628 2253 636 2258 ’
687 2228 1110 2332 in‘quoque
1144 2232 1374 2304 latere
1413 2221 1650 2304 stratis
1688 2227 2252 2302 muscularibus
2277 2281 2305 2316 ‚
2358 2253 2551 2326 quae
2587 2251 2727 2324 per
2778 2227 3063 2302 lineam
3116 2207 3881 2324 lateralem'corporis
3931 2230 4133 2301 i'nter
4166 2227 4247 2300 se

667 2355 1130 2450 deparantur
1181 2359 1328 2448 ita,
1395 2377 1482 2431 ut
1513 2353 2030 2454 perfectiffime
2081 2355 2238 2428 illis
2273 2356 2733 2431 insectorum
2790 2372 2865 2428 et
2896 2356 3265 2430 vermium
3300 2356 3679 2432 musculis
3730 2356 3803 2429 se
3842 2357 4251 2454 accingant

693 2507 826 2578 per
857 2487 1194 2560 tracheas
1230 2485 1428 2558 inter
1460 2485 1530 2557 se
1572 2485 2011 2584 segregatis,
2081 2509 2259 2558 cum
2308 2484 2579 2580 procul
2616 2479 2853 2556 dubio
2902 2482 3145 2557 lineae
3192 2483 3519 2559 lateralis
3564 2484 3893 2580 piscium
3952 2487 4255 2582 apertu-

699 2635 826 2683 rae
862 2628 938 2684 et
985 2611 1174 2686 sacci
1209 2611 1676 2686 secernentes
1723 2609 2196 2711 stigmatibus
2232 2629 2311 2685 et
2362 2611 2681 2686 tracheis
2716 2609 3177 2684 Insectorum
3229 2598 3395 2702 seu‘,
3446 2609 3505 2686 fi
3542 2619 3787 2688 mavis
3822 2609 4251 2686 Hirudinis

695 2738 989 2834 cryptis
1027 2715 1516 2838 respiratoriis
1548 2739 2074 2836 respondeant.
2179 2738 2333 2838 Qui
2362 2735 2734 2836 simplices
2770 2739 3045 2822 horum
3076 2729 3527 2832 inferiorum
3558 2737 3999 2822 animalium
4036 2761 4255 2848 mus·

707 2867 904 2957 culi,
978 2864 1034 2942 fi
1071 2869 1714 2966 comparationem
1769 2891 1944 2944 cum
1979 2863 2499 2964 superioribus
2549 2863 2863 2942 adiicere
2896 2864 3155 2956 lubet,
3208 2889 3373 2942 non
3414 2853 3730 2958 dubito,
3780 2869 3969 2965 quin
4006 2873 4259 2941 maxi·

699 3019 824 3068 me
881 3019 1056 3070 cum
1101 2993 1718 3072 'Intercostalibus
1784 2995 2128 3072 vinculo*
2163 2983 2555 3094 analogiae
2614 2995 3203 3094 coniungantur.
3258 3017 3283 3064 .·
3338 2991 3861 3100 Intercoftales
3914 2995 4261 3070 musculi

573 3145 581 3150 ‘
649 3187 664 3214 ,
707 3123 1064 3220 omnium
1140 3124 1316 3198 sunt
1371 3117 1710 3221 primarii
1759 3142 1836 3201 et
1881 3122 2493 3210 fundamentales
2508 3175 2531 3212 ‚
2614 3123 2818 3197 unde
2887 3123 3116 3196 ceteri
3186 3121 3559 3222 originem
3608 3141 3920 3220 petunt,
4008 3125 4113 3198 ita
4163 3141 4259 3196 ut

706 3253 1042 3346 reliquos
1098 3273 1368 3324 omnes
1421 3247 1938 3324 Intercoftales
1989 3249 2533 3324 tantummodo
2572 3266 3084 3324 commutatos
3110 3267 3210 3350 ‘et
3260 3247 3723 3345 perfectione
3770 3269 3849 3324 et
3900 3251 4257 3326 libertate

709 3377 1166 3450 excellentes
1215 3377 1616 3490 nomipare
1657 3369 1928 3452 liceat..
1985 3378 2351 3452 Externi
2403 3371 2957 3465 Intercostales,
3024 3373 3155 3450 etii
3208 3399 3451 3474 usque
3508 3377 3601 3452 ad
3656 3380 4023 3454 anteriora
4069 3403 4261 3478 pro·
4290 3371 4313 3380 ’

714 3509 994 3594 deant,
1067 3523 1324 3580 tamen
1363 3503 1580 3580 dorso
1613 3523 1688 3580 et
1723 3487 2161 3596 extenfioni,
2207 3504 2491 3581 interni
2526 3520 2789 3578 contra
2822 3508 3072 3581 ventri
3110 3519 3185 3586 et
3220 3501 3555 3598 flexioni
3562 3505 3803 3608 magis
3838 3508 4257 3586 adscriben-

711 3634 789 3708 di
819 3633 1192 3712 videntur.
3525 3645 3533 3654 “

2358 3738 2431 3829 §-
2541 3757 2612 3828 z·

875 3866 1222 3960 ·Propria
1275 3879 1527 3979 autem
1576 3861 1946 3940 membra
1954 3865 2327 3955 motoria,
2381 3861 2436 3938 fi
2482 3890 2576 3938 ex
2618 3833 2965 3963 corpore
2969 3855 3439 3938 vermiformi
3490 3812 3947 3946 verticaliter
4005 3865 4255 3964 polita

712 3992 1181 4088 procedunt,
1230 4018 1420 4094 quae
1459 3991 1642 4068 alias
1677 3993 2012 4106 pilorum
2059 3989 2377 4092 speciem
2432 3991 2810 4081 referunt,
2880 3991 3059 4064 alias
3106 3989 3631 4066 branchiarum
3671 3992 4011 4084 fibrinis,
4065 3997 4259 4094 alias

712 4119 1039 4219 denique
1084 4121 1342 4216 pinnis
1383 4125 1440 4212 ²)
1474 4138 1614 4196 etc.
1655 4101 2343 4220 repraesentantur,
2414 4121 2601 4196 duas
2648 4118 2937 4194 habent
2962 4135 3211 4216 partes
3236 4171 3259 4210 ,
3330 4135 3412 4217 et
3452 4095 3656 4198 latus
3691 4121 4043 4196 flexionis
4096 4125 4261 4216 (vo-

667 4461 672 4464 .
879 4379 952 4456 2)
997 4363 1238 4448 Pinnas
1283 4375 1570 4460 piscium
1599 4387 1668 4438 et
1697 4393 1938 4439 omnes
1972 4373 2394 4459 superiorum
2568 4370 3021 4450 constituitur,
3086 4389 3253 4456 quae
3278 4373 3357 4436 in
3390 4372 3753 4456 pinnarum
3794 4374 4070 4458 singulis
4106 4395 4287 4460 par-⁴

705 4471 1108 4550 animalium
1174 4484 1486 4567 analogas
1535 4499 1752 4568 partes
1813 4485 1915 4548 nil
1971 4481 2154 4548 aliud
2205 4499 2393 4570 puto,
2566 4483 2742 4547 tibus
2782 4479 3102 4559 redeunt,
3160 4483 3258 4544 ita
3294 4495 3379 4546 -ut
3422 4484 3659 4565 singuli
3700 4471 3895 4574 digiti
3932 4505 4097 4548 cunr
4128 4485 4263 4551 si'n·
4320 4533 4325 4535 -

595 4629 598 4634 -
708 4593 836 4655 nifi
893 4593 1246 4658 branchias
1303 4591 1539 4656 ossium
1593 4595 2034 4676 scapularium
2082 4594 2393 4678 pisciurm
2564 4594 2736 4676 gulis
2788 4587 3053 4654 fibrinis
3112 4605 3303 4654 arcus
3364 4592 3765 4658 branchialis
3815 4598 4261 4678 comparandi

708 4723 870 4766 nam
906 4698 1227 4769 structura
1273 4704 1323 4768 si
1363 4705 1597 4788 paullo
1641 4704 2011 4766 accuratius
2051 4706 2397 4786 inquirere
2568 4723 2649 4764 ex
2700 4699 2968 4767 duabus
2996 4701 3295 4784 partibus
3354 4705 3649 4774 constare
3713 4705 3933 4787 prima
3990 4704 4259 4790 origine

715 4814 894 4894 velis,
941 4811 1168 4896 eadem
1187 4815 1479 4900 gaudent
1499 4813 1770 4886 ambae3
1819 4795 2119 4896 quaeque
2150 4811 2398 4900 sibrilla
2560 4811 2941 4875 videantur.
3056 4811 3353 4878 Tantum
3400 4813 3609 4891 abest,
3688 4827 3765 4877 ut
3820 4827 4000 4878 totus
4060 4835 4263 4880 arcus

705 4920 1116 4990 branchidis
1177 4923 1432 4990 duabus
1501 4925 1776 5006 laminis
1857 4921 2043 4988 offeis
2107 4921 2397 4990 dentatis
2571 4895 2822 4985 costulis
2868 4939 2907 4985 a
2959 4919 3151 4988 dorso
3198 4911 3448 5007 usque
3438 4925 3549 4988 ad
3596 4889 3860 5008 pectus
3878 4925 4123 4990 oblitu·
4174 4927 4302 4992 rit·
