4567 5742
1103 1847 1112 1863 ,
2446 1791 2591 1876 XL,

1157 1957 1342 2052 DE
1417 1877 2114 2062 INSTITVTO
2141 2041 2150 2048 ,
2176 1913 2965 2050 εοιιῑΡΤιοΝιε
3024 1887 3877 2104 ΑΟᾸΠΕΜΙΟΑΕ

1979 2111 2080 2174 IN
2136 2109 2621 2184 ACADEMIA
2682 2109 3051 2174 IENENSI

1773 2205 2112 2306 vam
2177 2234 2291 2304 IN
2358 2233 2637 2302 vva
2704 2231 3255 2310 REvocATo

1659 2354 1668 2366 '
2241 2365 2790 2420 PRAEFATvs
3556 2375 3573 2388 ·

1392 2463 1928 2572 LEGITIMAM
1986 2467 2523 2532 MAGISTERII
2576 2467 2983 2532 IENENSIS
3042 2466 3643 2546 ADEPTIONEM

2322 2607 2709 2650 &vatnam
2754 2603 2765 2614 ⁸

1493 2715 1835 2786 HENR.
1895 2713 2403 2784 CAROLVS
2448 2711 2691 2794 ABR.
2743 2709 3543 2816 E10HST131D1V8

1803 2862 2142 2924 omnus
2189 2859 2512 2934 varnos.
2564 2863 2652 2911 η.
2699 2862 2774 2910 r.
2826 2859 3219 2910 necarem.

945 3139 1172 3216 Nova
1210 3141 1547 3232 reiicere,
1601 3129 1998 3216 dumtaxat
2031 3162 2429 3242 propterea
2474 3141 2681 3242 quod
2716 3167 2913 3216 nova
2950 3137 3167 3230 sunt,
3237 3164 3399 3214 non
3436 3137 3680 3239 magis
3722 3114 4117 3216 absurdum
4156 3141 4289 3236 est,

680 3293 978 3370 quam
1031 3269 1356 3378 antiqua
1374 3288 1708 3365 propter
1719 3269 1954 3343 solam
1987 3271 2457 3368 antiquitatis
2490 3269 3229 3344 commendationem
3266 3269 3485 3340 tueri.
3590 3276 4093 3368 Quamquam,
4150 3255 4292 3370 qui

752 3401 902 3472 hoc
933 3391 1260 3500 faciunt,
1331 3397 1756 3470 excusatius
1791 3413 2108 3494 peccant
2139 3416 2217 3470 et
2251 3399 2337 3471 in
2368 3421 2533 3470 eam
2568 3414 2897 3515 partem,
2976 3421 3167 3494 quae
3218 3397 3455 3468 tutior
3488 3392 3611 3486 est.
3714 3399 3985 3472 Solent
4010 3397 4088 3471 id
4124 3425 4295 3475 aca-

715 3493 1021 3618 demici
1053 3487 1510 3622 potiffimum
1549 3522 1898 3604 doctores
1928 3525 2291 3622 experiri,
2343 3524 2521 3626 qui,
2574 3525 2762 3624 quid
2810 3526 3251 3622 antiquum,
3306 3515 3491 3621 quid
3526 3547 3819 3600 novum
3852 3521 3993 3596 fit
3970 3551 4052 3598 m
4082 3527 4293 3602 litto·

723 3667 996 3728 'rarum
1025 3649 1492 3726 institutione
1528 3669 1605 3726 et
1637 3651 1908 3728 scholis
1929 3707 1954 3744 ,
2005 3671 2085 3726 et
2119 3651 2383 3752 vident
2418 3654 2797 3752 quotidie,
2860 3672 2945 3726 et
2978 3676 3130 3751 quo
3180 3663 3585 3750 utrumque
3618 3653 3795 3724 loco
3831 3651 4289 3730 censendum
4342 3648 4349 3657 '

745 3781 876 3880 fit,
924 3778 982 3854 fi
1015 3777 1348 3874 sapiunt,
1399 3779 1604 3876 apud
1637 3783 1980 3854 animum
2029 3799 2407 3875 reputant.
2526 3780 2831 3854 Etenim
2890 3805 3055 3852 non
3107 3795 3383 3852 temere
3416 3777 3712 3852 laudari
3746 3780 4118 3854 maiorum
4162 3783 4289 3856 his

745 3911 828 3987 in
859 3909 1082 3982 rebus
1119 3899 1540 3995 instituta,
1533 3929 1791 4004 quum
1831 3908 1998 3982 aliis
2035 3907 2494 4005 argumentis
2528 3907 2925 4004 cognitum
2956 3903 3098 3995 est,
3155 3924 3319 3979 tum
3351 3907 3677 3979 maxime
3718 3931 3853 3996 eo,
3881 3909 4113 4006 quod
4156 3934 4293 3986 an·

529 4127 554 4136 ,
665 4029 684 4074 ·²
744 4036 999 4133 tiquae
1023 4031 1340 4134 ‘quidem
1376 4033 1846 4122 Academiae,
1897 4059 2051 4133 quo
2087 4036 2341 4108 minus
2370 4035 2471 4107 ab
2501 4035 2657 4107 illis
2690 4033 3157 4124 recess'erunt,
3210 4057 3301 4106 eo
3341 4029 3801 4108 constantius
3834 4017 4285 4134 floruerunt,

727 4185 1006 4238 recens
1047 4177 1298 4233 autem
1333 4161 1708 4252 conditae,
1759 4186 1953 4260 quae
1987 4161 2301 4234 subinde
2342 4159 2822 4251 desciverant,
2874 4141 3267 4260 postquam
3302 4161 3529 4233 rebus
3569 4160 3729 4234 suis
3746 4161 4284 4258 prospicerent,

729 4291 1008 4399 ¹remu-ti
1047 4287 1144 4362 ad
1175 4291 1485 4388 antiqua
1541 4308 2016 4392 coeperunt,
2085 4281 2312 4390 Quod
2344 4315 2485 4364 neo
2531 4289 2929 4370 mirabitur
2972 4289 3427 4386 quisquam,
3491 4313 3737 4386 neque
3783 4288 3874 4360 ad
3912 4289 4285 4364 invidiam

739 4401 1030 4492 nostrae
1065 4418 1326 4490 aetatis
1351 4468 1372 4507 ,
1439 4441 1542 4490 ex
1572 4407 1942 4492 novat-uni
1985 4443 2234 4494 rerum
2269 4413 2514 4491 studio
2544 4415 2851 4490 laudem
2888 4415 3357 4512 quaerentis,
3408 4417 3784 4528 pertinere
3812 4413 4281 4492 existimabit.

623 4621 626 4628 ,
739 4543 1059 4645 Insignis
1095 4547 1299 4625 enim
1333 4546 1705 4616 maiorum
1743 4545 2199 4640 prudentia
2176 4545 2544 4639 imprimis
2582 4543 2667 4637 in
2702 4568 2796 4614 eo
2834 4519 3129 4631 elucet,
3182 4541 3393 4640 quod
3430 4567 3678 4640 neque
3708 4539 4283 4634 constituerunt,

733 4669 874 4745 nisi
912 4671 1117 4769 quod
1153 4669 1286 4746 diu
1333 4671 1878 4772 diligenterque
1909 4689 1987 4743 et
2025 4671 2272 4744 secum
2309 4689 2564 4744 mente
2616 4685 2700 4741 et
2728 4669 3235 4767 cogitatione,
3290 4687 3367 4740 et
3422 4693 3594 4742 cum
3650 4671 3863 4760 aliis,
3932 4673 4069 4769 qui
4118 4697 4283 4746 rem

735 4805 1042 4909 penitus
1095 4793 1639 4897 perspicerent,
1680 4800 2321 4874 communicando
2368 4780 3007 4896 ponderaviil'ent,
3072 4811 3219 4870 nec
3268 4796 3495 4872 semel
3545 4795 3946 4870 constituta
3984 4797 4279 4872 idemti-

734 4915 908 5004 dem
939 4943 1332 5068 mutarunt
1361 4953 1449 5004 ac
1487 4925 2008 5006 refluxerunt.
2075 4925 2280 5000 unde
2324 4940 2529 5008 non
2546 4921 2779 5000 modo
2812 4917 3306 5036 inconstantia
3347 4925 3755 5050 quaedam,
3808 4921 4111 5002 molesta
4142 4927 4279 5000 ho·
