4567 5742
2362 471 2523 573 xvi

665 680 974 770 seientia
1039 695 1122 778 et
1171 678 1520 758 doctrina
1573 679 1857 775 creari,
1904 697 2012 754 ‘et
2060 682 2610 760 huiuscemodi
2672 686 3177 786 dignitatibus
3212 674 3561 789 insigniri
3581 665 3616 781 ,'
3690 709 3837 765 nec
3864 667 4207 788 nonper

665 809 896 880 bireti
945 803 1519 907 impositionem
1574 821 1654 878 et
1697 807 1970 880 annuli
2020 812 2234 908 aurei
2289 834 2379 882 ac
2434 813 2682 886 osculi
2730 815 3269 908 traditionem,
3342 817 3777 910 ceterisque
3820 813 4212 911 consuetis

573 911 593 925 ’
660 935 1272 1018 solemnitatibus
1333 933 1714 1024 investiri,
1797 949 1877 1004 et
1927 935 2289 1008 consueta
2340 955 2791 1048 ornamenta
2830 955 3063 1034 atque
3112 941 3439 1040 insignia
3486 941 3949 1040 dignitatum
3984 961 4205 1034 prae-

427 1053 444 1150 f
489 1081 498 1090 ·
565 1083 581 1092 ·
659 1066 1040 1144 dictarum
1091 1059 1290 1154 tradi
1341 1073 1422 1128 et
1472 1059 1849 1150 conferri,
1935 1062 2307 1156 quodque
2346 1067 2777 1156 Doctores,
2860 1067 2942 1136 in
2999 1065 3265 1138 eadem
3304 1067 3807 1152 Vniversitate
3858 1065 4216 1166 promoti·
4282 1092 4291 1104 ’

554 1275 562 1278 ἡ
663 1209 740 1262 et
777 1183 1328 1283 promovendi,
1401 1181 1733 1276 debeant
1801 1200 1880 1256 et
1947 1187 2230 1281 possint
2281 1190 2363 1258 in
2424 1191 2785 1262 omnibus
2838 1186 3155 1262 loc'is‘et
3184 1193 3409 1264 tetris
3448 1194 3521 1264 S.
3559 1193 3649 1264 R.
3686 1189 4047 1284 Imperii,
4122 1206 4205 1262 et
4277 1206 4286 1213 ’

645 1317 953 1406 ubique
987 1327 1410 1398 terrarum,
1461 1309 1704 1387 libere
1747 1322 2016 1382 omn'es
2060 1329 2276 1386 actus
2316 1317 2778 1406 Doctorum,
2832 1315 3175 1415 legendi,
3228 1315 3586 1426 docendi,
3638 1314 4203 1434 interpretandi

657 1459 736 1510 et
789 1437 1164 1538 gloss'andi
1216 1436 1471 1506 facere
1529 1452 1608 1507 et
1663 1459 2064 1528 exercere,
2137 1441 2656 1534 omnibusque
2710 1457 2789 1512 et
2839 1441 3159 1542 singulis
3197 1415 3537 1542 gaudere
3591 1457 3671 1512 et
3723 1441 3837 1514 uti
3892 1425 4204 1534 privile-

659 1567 850 1676 giis,
925 1560 1494 1660 praerogativis
1548 1571 1622 1631 e't
1680 1566 2295 1657 exemtionibus,
2388 1567 2931 1646 libertatibus,
3007 1557 3671 1659 concessionibus,
3730 1565 4203 1672 honoriboe,

653 1689 1331 1790 praeeminemus,
1381 1687 1774 1758 favoribus
1815 1711 1905 1759 ac
1937 1690 2307 1783 indultis,
2361 1693 2641 1786 quibus
2680 1693 2921 1764 ceteri
2958 1693 3343 1767 Doctores
3387 1692 3469 1764 in
3504 1691 4016 1783 Bononiensi,
4070 1695 4201 1768 Se·
4310 1745 4337 1767 .-

541 1861 550 1871 -
660 1819 868 1892 nenfi
894 1869 915 1908 ,
970 1815 1386 1904 Patavina,
1444 1814 1836 1909 Papiensi,
1887 1817 2299 1908 Perusino,
2354 1817 2748 1890 Parisienfi
2786 1834 2865 1888 et
2904 1817 3275 1913 Lipsiensi
3319 1834 3401 1889 et
3426 1817 3599 1890 aliis
3626 1818 3929 1890 Studiis
3964 1819 4203 1915 privi-

617 1943 964 2044 ‘legistis
1009 1942 1352 2038 promoti
1405 1957 1484 2010 et
1541 1941 1882 2040 insigniti
1931 1942 2319 2040 gandent,
2389 1960 2468 2016 et
2506 1959 2833 2016 utuntur
2866 1943 3425 2017 consuetudine
3467 1944 3608 2024 vel
3630 1943 3777 2015 de'
3756 1967 3949 2016 mre.
4052 1925 4197 2016 Ge-

659 2089 916 2144 terum
943 2120 962 2159 ,
1051 2093 1208 2162 quo
1241 2067 1583 2161 praefata
1625 2067 2086 2138 Vniverfitas
2139 2068 2291 2139 five
2330 2067 2823 2178 Gymnasium
2874 2070 3025 2142 suis
3066 2068 3586 2175 gubernatum
3620 2070 4211 2170 Magistratibus
4330 2071 4345 2078 “

655 2197 1004 2270 solidiori
1039 2211 1119 2264 et
1157 2195 1477 2264 firmiori
1521 2190 1713 2262 sistat
1744 2193 2293 2303 fundamento,
2348 2195 2617 2266 damus
2653 2210 2733 2265 et
2772 2197 3271 2270 concedimus
3316 2196 3787 2268 Doctoribus
3831 2213 3911 2268 et
3950 2197 4195 2270 Scho-

537 2308 543 2318 ’
648 2327 946 2396 laribus
1004 2323 1085 2392 in
1139 2315 1338 2392 dicta
1377 2317 1881 2390 Vniverlitate
1935 2319 2429 2392 existentibus
2486 2336 2617 2394 aut
2670 2321 2952 2392 futuris
3012 2345 3189 2416 cum
3250 2317 3619 2394 consensu
3664 2322 4189 2418 praefatorum

523 2444 542 2455 ⁸
596 2453 607 2460 ’
654 2455 1019 2548 Ducum,
1073 2464 1228 2521 aut
1213 2446 1748 2553 successorum
1799 2447 2252 2542 eorundem,
2310 2445 2851 2520 auctoritatem
2886 2463 2965 2519 et
2994 2449 3495 2546 potestatem,
3550 2448 3935 2521 condendi
3972 2464 4055 2520 et
4082 2449 4191 2520 sa·-
4200 2483 4207 2489 ·

655 2578 909 2650 ciendi
944 2577 1216 2648 statuta
1248 2591 1332 2646 et
1364 2545 1894 2645 ordinationes
1934 2573 2146 2646 iuxta
2209 2573 2849 2646 consuetudinem
2894 2591 3323 2649 ceterarum
3364 2575 4003 2667 Vniversitatum,
4048 2597 4191 2647 nec

650 2728 814 2777 non
869 2701 1182 2774 creandi
1231 2715 1312 2771 et
1354 2697 1692 2797 eligendi
1727 2677 2140 2770 Rectorem
2193 2699 2633 2776 scholarum
2676 2716 2761 2770 ac
2824 2699 3199 2796 Syndicos
3246 2699 3399 2772 sive
3444 2701 3645 2772 alios‘
3668 2723 4191 2796 quoscunque

527 2878 533 2883 -
653 2830 1044 2906 officiales
1085 2825 1660 2916 Vniverlitatis,
1729 2839 1968 2920 prout
2017 2823 2194 2920 ipsis
2252 2823 2493 2907 visum
2548 2823 2789 2896 fuerit
2825 2826 3248 2920 expedire,
3326 2841 3405 2902 et
3444 2821 3589 2897 esse
3625 2841 4186 2932 opportunum,
4270 2831 4275 2847 '

595 3009 602 3018 -
650 2959 920 3029 dantes
954 2972 1034 3028 et
1070 2951 1585 3026 concedentes
1633 2937 2094 3025 auctoritdts
2136 2952 2387 3024 nostra
2423 2951 2669 3051 Regia
2702 2952 3166 3027 Rectoribus
3202 2953 3302 3024 lic
3341 2977 3483 3048 per
3518 2977 3652 3024 eos
3694 2935 4069 3052 eligendis
4112 2970 4195 3024 et

652 3081 1000 3162 creandis
1033 3082 1480 3154 facultatem
1527 3095 1608 3151 et
1641 3075 2256 3152 iurisdictionem
2292 3081 2375 3151 in
2408 3079 2935 3172 scholasticoS,
2988 3104 3131 3152 nec
3174 3103 3333 3154 non
3376 3079 3705 3172 citandi,
3796 3079 4188 3171 audiendi,

649 3206 1079 3299 iudicandi,
1151 3206 1652 3301 exsequendi,
1723 3206 2096 3302 puniendi
2135 3225 2215 3280 et
2245 3229 2517 3280 omnes
2555 3208 2746 3280 alios
2796 3224 3011 3279 actus
3046 3209 3325 3280 iudicis
3370 3205 3741 3302 ordinarii
3780 3207 4189 3280 exercendi

649 3351 728 3406 et
775 3336 896 3406 ius
939 3333 1360 3424 reddendi,
1415 3335 1840 3404 eximentes
1875 3331 2389 3405 nihilominus
2434 3325 2815 3408 Doctores
2852 3350 2930 3414 et
2966 3335 3371 3408 scholares
3407 3318 3934 3442 Vniverfitatis
3966 3355 4193 3428 prae-

529 3501 536 3504 ·
645 3463 1086 3564 nominatae
1119 3483 1161 3530 a
1194 3443 1736 3546 iurisdictione
1769 3473 1847 3530 et
1873 3443 2417 3554 superioritate
2456 3461 2997 3554 cuiuscunque
3033 3461 3423 3555 potestatis
3470 3475 3609 3532 aut
3654 3459 3932 3563 iudicis
3982 3459 4193 3532 ordi-

633 3589 886 3678 narii,
938 3587 1089 3658 five
1143 3585 1680 3687 cuiuscunque
1730 3583 2046 3658 alterius
2083 3584 2624 3680 praeterquam
2676 3611 2712 3656 a
2754 3587 3001 3659 nostra
3054 3602 3133 3657 et
3182 3585 3705 3680 praefatorum
3749 3585 4062 3675 Ducum·
4092 3611 4183 3658 ac

646 3714 1178 3802 'Successorum
1213 3712 1668 3787 eorundem.
1736 3689 2222 3800 'Pi-aeterna,
2280 3687 2368 3782 ut
2401 3715 2555 3808 ipsa
2592 3711 3052 3798 Vniversitas
3076 3761 3099 3803 ,
3175 3710 3426 3812 dignis
3472 3709 3739 3780 fulcita
3778 3733 4183 3811 praeroga-

646 3845 862 3933 tiviS,
949 3839 1146 3910 nulli
1199 3837 1462 3930 alteri,
1549 3821 2044 3932 quantumvis
2097 3840 2436 3910 vetustae
2500 3853 2581 3909 et
2636 3839 3064 3910 celebratae
3116 3837 3603 3910 Vniverfitati
3654 3837 4183 3949 postponatur,
4236 3861 4260 3884 s

646 3953 1006 4042 volumus
1045 3979 1124 4037 et
1155 3963 1642 4036 decernimus
1677 3986 1820 4060 per
1848 3965 2332 4059 praesentes,
2396 3965 2604 4058 quod
2641 3965 3227 4060 praenominata
3262 3961 3767 4049 Vniversitas,
3831 3951 3977 4033 ne'c
4022 3985 4182 4036 non

517 4137 524 4142 -
643 4099 1032 4209 Doctores
1083 4107 1166 4162 et
1195 4089 1678 4181 Scholastici,
1767 4113 1856 4161 ac
1901 4091 2189 4163 ibidem
2239 4093 2575 4194 aliquam
2628 4090 3087 4198 dignitatem
3131 4092 3264 4162 seu
3302 4089 3627 4188 gradum
3666 4079 4180 4184 adsumentes,
4288 4175 4307 4188 Ι

641 4221 1038 4324 gaudeant
1089 4231 1170 4290 et
1213 4214 1657 4310 potiantur,
1726 4217 1885 4308 uti,
1966 4217 2165 4309 frui,
2237 4217 2580 4316 gaudere
2632 4232 2711 4286 et
2762 4216 3001 4310 potiri
3033 4215 3321 4310 possint
3354 4233 3435 4286 et
3469 4215 3777 4286 valeant
3820 4217 4183 4318 omnibus

643 4365 725 4422 et
759 4349 1357 4444 quibuscunque
1393 4341 1699 4440 gratiis,
1750 4343 2210 4438 honoxibus,
2267 4337 2817 4443 dignitatibus,
2870 4343 3545 4442 praeeminentiiS‚
3598 4345 4182 4440 praerogativis,

510 4547 516 4552 .
639 4472 1113 4574 privilegiis,
1189 4465 1846 4574 concessionibus,
1918 4495 2004 4543 ac
2043 4471 2705 4558 immunitatibus,
2774 4468 3168 4542 favoribus
3202 4482 3283 4542 et
3330 4467 3646 4539 indultis
3679 4491 3767 4538 ac
3800 4468 3970 4540 aliis
4012 4473 4183 4566 qui-

643 4601 1028 4686 buslibet,
1086 4595 1367 4689 quibus
1405 4581 1864 4673 Vnives'fitas
1909 4599 2407 4671 Bononiensis
2434 4645 2458 4682 ‚
2504 4577 2903 4684 Senensis,
2942 4593 3378 4702 -Patavina,
3441 4592 3869 4692 Papiensis,
3897 4596 4184 4668 „Peru-

645 4732 827 4818 fina‚
883 4719 1331 4816 Parisienfis‘
1357 4737 1436 4792 et
1459 4711 1860 4817 Lipsiensis
1883 4747 1990 4801 ,ac
2027 4727 2170 4796 alia
2207 4725 2485 4796 studia*
2513 4724 3025 4820 privilegiata,
3082 4743 3169 4792 ac
3194 4723 3575 4792 Doctores
3621 4737 3702 4791 et
3736 4721 4183 4796 Scholastici

645 4857 794 4926 five
851 4849 1235 4951 promoti,
1303 4861 1438 4923 ant
1485 4849 1744 4944 aliqua
1799 4851 2211 4950 dignitate,
2305 4849 2455 4922 five
2512 4847 2759 4948 gradu
2801 4848 3147 4948 insigniti
3208 4844 3553 4948 gaudent
3604 4869 3691 4952 ac
3742 4825 4176 4943 potiuntur,
4294 4911 4298 4916 .

4388 1073 4425 1086 Ὦ
