4567 5742
1551 542 1756 598 ..-
1918 539 2062 628 367
2221 553 2343 594 -.

222 749 526 826 quoque
570 683 828 800 mutua
879 721 1246 833 factorem
1303 721 1789 798 solummodo
1842 724 1926 797 in
1977 725 2415 798 consensum
2466 747 2723 820 rapere
2772 717 3009 820 poffit.
3070 697 3495 820 Depressio
3528 719 3762 822 igitur

219 852 632 944 costarum,
689 837 959 943 flexio,
1012 853 1298 930 levatio
1333 866 1590 926 autem
1625 850 1960 928 extensio
1999 852 2389 951 quaedam
2399 848 2519 926 est.

1059 1048 1070 1063 .
1502 987 1516 996 ”
1851 991 1916 1068 §-
2046 1001 2117 1068 8·

409 1085 851 1205 Hucusque
906 1107 1412 1180 extremitates
1461 1107 1857 1204 praecipue
1927 1125 2004 1180 et
2069 1125 2425 1180 truncum
2505 1103 3007 1226 conlideravi3
3100 1103 3195 1177 ad
3264 1119 3494 1196 caput
3546 1123 3760 1176 nunc

213 1256 710 1324 transeamus·
816 1231 1050 1309 Cuius
1103 1233 1407 1307 habitus
1465 1252 1542 1307 et
1595 1231 1996 1322 structura,
2054 1254 2525 1333 quantopere
2570 1213 2927 1308 truncum
2966 1229 3277 1320 referat,
3334 1229 3427 1302 ab
3464 1229 3763 1302 Okenio

212 1364 320 1439 ita
355 1359 946 1438 demonstratum
985 1357 1126 1450 est,
1199 1380 1290 1432 ut
1319 1363 1628 1434 nullum
1681 1351 2004 1436 dubium
2045 1363 2538 1460 relinquatur.
2646 1371 2818 1462 Quo
2858 1359 2985 1451 fit,
3042 1378 3133 1432 ut
3161 1381 3322 1429 non
3357 1357 3599 1429 solum
3638 1383 3761 1431 co·

211 1476 354 1566 stae
405 1487 867 1590 lingularum
926 1485 1191 1586 capitis
1243 1488 1757 1596 vertebrarum
1813 1487 2098 1579 adfint,
2155 1515 2424 1564 verum
2474 1487 2714 1572 costae
2754 1487 3311 1564 extremitatum
3339 1539 3358 1573 ,
3414 1485 3763 1558 extremi·

219 1636 570 1716 tateaque
621 1617 818 1714 ipsae
857 1631 1293 1718 repetantur
1335 1617 1818 1690 maxillarum
1851 1623 2168 1692 nomine
2199 1638 2741 1715 nuncupatae.
2810 1618 3019 1714 Ipsos
3060 1633 3311 1688 autem
3352 1636 3565 1685 arcus
3609 1638 3761 1688 ma·

209 1747 568 1854 xillarum
605 1746 848 1844 magis
881 1740 1102 1821 costis
1143 1743 1659 1839 scapularibus
1709 1762 1786 1818 et
1821 1747 2081 1840 pelvis
2097 1747 2691 1845 aequiparandos
2728 1745 3188 1842 putaverim,
3244 1765 3471 1839 quam
3509 1738 3759 1840 fingu-

211 1876 306 1946 lis
347 1873 910 1946 extremitatum
943 1867 1266 1962 offibus,
1303 1871 1528 1974 quod
1563 1875 1998 1968 praecipue
2011 1875 2092 1946 in
2131 1897 2395 1951 eorum
2426 1891 2658 1949 motu
2692 1893 2771 1962 et
2800 1875 3167 1947 musculis
3214 1866 3603 1944 clarissime
3634 1890 3762 1964 pa·

213 2017 342 2074 tet.
465 2000 808 2118 Maxime
852 2023 1032 2098 ergo
1084 1999 1701 2097 appropinquant
1775 1997 2386 2076 Intercostalibua
2438 2021 2515 2076 et
2574 2027 2666 2076 eo
2720 2019 3019 2076 tantum
3073 1987 3467 2085 differunt,
3545 1996 3756 2093 quod
3843 2055 3851 2064 .

217 2127 696 2228 perfectiores
733 2107 812 2201 et
847 2126 1428 2235 multipliciores
1481 2125 1756 2200 redditi
1789 2127 2004 2218 sunt,
2057 2131 2266 2227 quod
2300 2129 2500 2210 idem
2539 2131 2621 2202 in
2662 2125 2879 2203 costis
2917 2129 3473 2202 extremitatum
3508 2125 3761 2198 trunci

223 2256 580 2346 obvenit,
632 2253 770 2326 ubi
814 2252 1263 2328 fortioribus
1311 2251 1590 2327 ombus
1621 2251 1976 2328 fortiores
2021 2279 2328 2354 quoque
2372 2257 2701 2331 musculi
2736 2258 3239 2352 applicantur.
3308 2253 3645 2325 .Genae'
3616 2250 3764 2350 1gi-

221 2405 348 2460 tur·
401 2373 928 2480 repetitionem
979 2377 1577 2455 Intercostalium
1641 2378 2130 2455 constituunt.
2253 2387 2565 2478 Μοιιιι-
2593 2383 3211 2461 manducatoriua
3276 2379 3757 2455 maxillarum

221 2539 382 2588 non
419 2511 700 2587 recedit
732 2535 784 2584 a
811 2527 1030 2584 motu
1065 2494 1472 2595 costarum3
1543 2507 1898 2582 abductio
1939 2512 2151 2618 enim-
2179 2529 2258 2584 et
2306 2497 2663 2608 appressio
2713 2535 3021 2586 arcuum
3059 2497 3383 2584 duorum
3418 2507 3764 2582 maxilla·

155 2741 174 2750 ²
221 2647 418 2716 rium
449 2640 649 2714 nihil
701 2637 908 2716 aliud
967 2633 1109 2727 est,
1175 2633 1312 2712 nifi
1364 2635 1716 2734 expansio
1747 2655 1824 2711 et
1859 2642 2278 2713 contractio
2319 2637 2717 2718 costarum.
2826 2633 3101 2714 Motus
3134 2640 3386 2736 itaque
3420 2635 3761 2732 maxilla·

225 2773 322 2846 ris
359 2767 774 2844 admodum
809 2765 1124 2840 inferior
1155 2766 1573 2862 polaritatis
1613 2767 1694 2838 in
1741 2786 1960 2841 motu
1999 2763 2100 2842 eft
2146 2759 2762 2862 repraesentatio,
2813 2767 3179 2843 levationi
3213 2785 3291 2840 et
3314 2737 3761 2860 depreffioni

225 2895 586 2975 costarum
629 2895 700 2970 se
753 2895 1176 2992 accingens.
1283 2895 1508 2990 Quod
1539 2897 1810 2966 attinet
1865 2895 1956 2967 ad
2019 2894 2519 2970 mobilitatem
2573 2895 3093 2985 maxillarum,
3142 2895 3283 2968 id
3257 2919 3343 2966 ιιι
3382 2912 3763 2986 compara·

221 3033 436 3105 tione
465 3024 868 3123 praecipue
897 3021 1176 3094 mirum
1209 3021 1505 3113 accidit,
1561 3038 1646 3094 ut
1683 3017 2150 3096 contrarium
2167 3077 2188 3112 ,
2245 3023 2481 3120 qu‘am·
2506 3023 2593 3097 in
2634 3024 2887 3122 trunci
2919 3021 3355 3122 homologis
3388 3018 3757 3116 partibus,

230 3153 610 3234 observari
627 3152 871 3226 liceat.
979 3157 1310 3224 Tantum
1362 3150 1566 3230 enim
1605 3136 1849 3241 abest,
1921 3167 2011 3224 ut
2053 3152 2139 3224 in
2179 3167 2451 3226 trunco
2490 3151 2733 3249 pelvis
2769 3151 2870 3225 ob
2908 3147 3341 3250 ingestionis
3377 3145 3759 3263 defectum

227 3279 642 3364 immobilis
661 3333 684 3369 ,
735 3294 1004 3359 contra
1037 3277 1332 3374 scapula
1377 3279 1628 3366 multo
1665 3277 2028 3352 mobilior
2063 3280 2511 3377 reperiatur,
2562 3297 2685 3354 ut
2702 3297 2963 3354 contra
3002 3279 3265 3375 potius
3306 3273 3667 3350 maxilla·
3646 3297 3761 3347 ιιι·

226 3414 458 3488 ferior
491 3408 782 3506 pelvim
817 3423 1171 3502 repetens
1199 3405 1538 3486 maxime
1580 3405 1853 3497 libera,
1905 3405 2241 3503 superior
2285 3425 2537 3482 autem
2569 3407 2742 3482 oiim
2774 3407 3071 3505 scapula
3106 3405 3545 3504 homologia
3584 3423 3759 3476 con-

223 3544 480 3614 iuncta
506 3533 926 3612 immobilis
963 3550 1350 3609 (ιει-ιιιιιιιι.ι
1435 3534 1854 3631 Superioris
1913 3543 2112 3633 ergo
2155 3503 2553 3610 maxillae
2548 3553 2806 3610 motus
2838 3531 3071 3608 solam
3108 3557 3405 3609 carnem
3440 3531 3757 3605 liberam

225 3667 458 3743 afficit
491 3685 780 3758 nempe
837 3685 1070 3760 genas
1111 3679 1200 3734 et
1233 3659 1524 3735 labium
1573 3658 1936 3756 superius.
2037 3662 2272 3736 Labia
2328 3660 2413 3734 in
2463 3663 2795 3751 maxillis
2848 3659 2931 3734 id
2986 3659 3493 3750 constituunt,
3549 3657 3759 3753 quod

223 3799 306 3870 in
389 3779 649 3893 digiti'a
725 3789 1288 3864 nonnullorum
1353 3790 1922 3865 carnivororum
2001 3789 2398 3864 involucra
2498 3790 2957 3889 unguium,
3020 3787 3141 3867 sed
3200 3787 3422 3863 simul
3488 3785 3759 3882 procul

229 3923 460 3998 dubio
479 3973 504 4012 ,
545 3935 860 4008 netum
878 3915 1269 3991 subeuntia
1305 3941 1480 3992 cum
1515 3917 1928 4018 digitorum
1981 3916 2583 3992 extremitatibus
2633 3918 2941 4015 papillis
2982 3919 3278 3994 nerveis
3312 3914 3761 3992 abundanti·

225 4053 366 4126 bus
405 4043 899 4135 conferenda,
973 4070 1015 4118 a
1067 4041 1346 4142 quibus
1395 4045 1796 4158 discedunt
1829 4047 1980 4138 ita,
2033 4063 2122 4120 ut
2153 4064 2401 4122 tactus
2433 4047 2515 4121 in
2554 4039 2865 4146 digitis
2842 4071 2925 4121 ιιι
2957 4048 3201 4136 volari
3234 4047 3550 4143 planitie
3580 4067 3755 4120 exo

91 4153 102 4160 ⁵
227 4181 512 4269 riatur,
561 4174 1016 4250 irrmaxillie
1049 4189 1312 4248 contra
1341 4173 1426 4248 in
1465 4173 1733 4269 dorsali
1768 4175 2088 4273 planitie
2121 4171 2535 4277 digitorum
2578 4170 2991 4274 (dentium)
3038 4173 3531 4278 efflorescat

1863 4311 1930 4408 5·
2037 4330 2109 4399 9·

437 4430 670 4534 Quod
703 4447 954 4508 autem
993 4429 1262 4502 harum
1299 4427 1626 4523 partium
1664 4431 2060 4504 musculos
2100 4432 2415 4528 spectat,
2488 4455 2757 4507 omnes
2790 4429 2947 4508 fere
2978 4457 3150 4507 cum
3186 4434 3367 4510 serie
3398 4431 3754 4550 fibrarum
3876 4469 3885 4476 -

235 4557 832 4637 Intercostalium
867 4555 1286 4654 comparari
1311 4553 1640 4652 poss‘unt,
1695 4581 1888 4656 quae
1919 4558 2123 4634 inter
2152 4559 2416 4636 ambos
2452 4583 2664 4634 arcus
2698 4561 3176 4668 maxillarum
3206 4560 3405 4652 sitae,
3461 4587 3502 4636 a
3532 4561 3764 4635 dorso*

234 4691 648 4766 anti-orsum
723 4686 1043 4760 directae
1109 4685 1234 4759 hic
1297 4683 1687 4800 liberiores
1739 4685 2097 4762 evadunt.
2207 4679 2696 4786 Temporalis
2750 4656 3321 4764 similitudinem
3364 4691 3754 4769 Levatoris

233 4807 594 4894 costarum
639 4811 882 4892 refert
895 4809 1040 4890 vel
1084 4809 1636 4901 Rhomboidei,
1711 4807 1886 4888 cum
1941 4841 1981 4889 a
2015 4813 2467 4913 proceffibue
2520 4815 2831 4920 spinosis
2864 4789 3383 4894 vertebrarum
3436 4821 3755 4896 duarum

234 4932 696 5080 anteriorum
731 4929 1104 5045 originem
1129 4939 1360 5019 ducat
1399 4957 1478 5018 et
1507 4958 1886 5040 praeterea
1919 4945 2004 5020 in
2038 4947 2152 5022 ala
2184 4945 2471 5094 maiore
2508 4941 2675 5023 offis
2710 4944 3179 5076 sphenoidei,
3251 4973 3405 5050 quo
3436 4951 3755 5030 levatori
