4567 5742
2119 577 2224 600 -
2380 545 2531 635 466
2688 579 2789 599 -

693 719 997 798 demiae
1027 727 1530 800 nutritoribus
1583 717 1825 824 nuper
1876 695 2341 826 institutum,
2389 747 2536 818 ·,ut
2610 729 2731 804 cui
2776 725 3297 825 profffll‘o'rium
3338 745 3619 805 munus
3672 729 3873 826 apud
3922 736 4079 807 Vos
4116 729 4246 804 tle·

687 853 1132 926 mandatum
1185 853 1456 944 fuerit,
1527 854 1870 930 oratione
1923 855 2228 952 publica
2279 849 2357 930 id
2398 855 2755 954 auspicari
2811 853 3121 935 debeat.
3180 859 3644 954 sapientius’
3624 842 4005 958 inquam,
4000 858 4243 955 quod

612 957 671 1046 ‘f
697 979 877 1056 haec
911 984 1038 1056 lex
1073 1007 1234 1055 non
1279 983 1636 1056 omnibus
1673 981 2259 1083 magistratibus,
2316 985 2437 1056 sed
2492 987 2583 1059 iis
2634 1005 2939 1058 tantum
2970 987 3152 1060 viris
3188 980 3537 1082 imposita
3588 985 3731 1073 est,
3788 1011 3827 1060 a
3884 981 4185 1083 quibus
4192 983 4247 1057 fi

697 1131 858 1178 non
902 1109 1414 1207 eloquentiam
1468 1127 1544 1184 at
1597 1106 1792 1186 certe'
1841 1113 2355 1184 elocutionem
2410 1113 2976 1208 exspectaveris.
3082 1113 3569 1210 Depl'oranda
3620 1117 3822 1188 enim
3879 1113 4050 1186 esset
4092 1137 4258 1186 aca-

702 1237 994 1325 demia,'
1045 1238 1476 1339 elinguibus
1521 1235 1780 1333 stipata
1833 1235 2384 1344 professoribus.
2491 1245 2655 1339 Ego
2710 1223 2945 1329 vero,
3006 1245 3133 1334 cui
3191 1267 3229 1316 a
3286 1241 3932 1316 Serenissimorum
4000 1239 4259 1316 acade-

703 1365 892 1460 miae
923 1367 1381 1440 nutritorum
1434 1369 1664 1466 gratia
1717 1366 1863 1438 tale
1901 1387 2181 1440 munus
2235 1367 2770 1442 demandatum
2816 1389 3013 1458 etat,
3043 1371 3401 1444 verebar
3452 1371 3751 1466 primo,
3802 1393 3901 1441 ne
3941 1366 4261 1494 Apollo·

701 1494 983 1565 niatam
1023 1496 1260 1566 civem
1291 1495 1860 1568 sermocinando
1885 1519 2003 1566 me
2025 1494 2257 1568 Vobis
2298 1497 2771 1626 praeberem:
2828 1497 3019 1570 adeo
3046 1497 3327 1572 summa
3366 1499 3801 1572 doctorum
3810 1498 4259 1581 auctoritas,

706 1618 836 1718 qui
889 1622 967 1692 in
1003 1623 1144 1694 hac
1171 1623 1592 1696 litterarum
1641 1619 2114 1706 universitate
2165 1647 2435 1727 omnes
2452 1619 2931 1719 disciplinas
2972 1624 3277 1698 scientia
3325 1625 3447 1698 sua
3490 1642 3775 1724 augent
3808 1625 3967 1698 vim
4009 1626 4089 1695 in
4134 1643 4261 1694 me

591 1795 610 1804 -
708 1749 912 1848 suam
971 1747 1329 1825 exseruit:
1384 1730 1707 1826 subinde,
1747 1769 1998 1824 tamen
2051 1752 2311 1822 animo
2362 1749 2665 1846 sumpto
2722 1751 2814 1841 ad
2874 1776 3029 1824 rem
3084 1777 3209 1846 ‚me
3248 1753 3563 1825 'accinxi
3600 1771 3675 1824 et
3718 1747 4262 1825 eo‘lubentius
4307 1767 4316 1774 “

711 1899 834 1950 me
865 1877 1196 1966 accinxi,
1254 1885 1490 1975 quum
1523 1878 1713 1950 mihi
1753 1879 1846 1949 de
1876 1873 2347 1982 Aristocratia
2384 1902 2481 1950 ex
2520 1877 2822 1972 placitis
2852 1871 3326 1974 Thucydidis
3349 1935 3370 1969 ‚
3426 1880 3765 1953 Platonis
3807 1897 3883 1950 et
3904 1873 4265 1950 Aristote-

713 2004 810 2078 lis
863 2003 1098 2076 verbo
1149 2001 1444 2078 facturo
1511 2027 1722 2079 novo
1778 2004 2196 2082 academiae
2247 1996 2761 2088 institutorum
2820 2031 2907 2080 ac
2966 1993 3226 2108 legum
3282 2006 3717 2084 constitutio
3772 2004 3975 2106 quafi
4026 2029 4265 2078 omen

713 2131 1238 2232 praefulgeret.
1343 2131 1605 2230 Itaque
1635 2137 1782 2206 hoc
1821 2157 2050 2208 omen
2087 2112 2361 2227 accepi

919 2267 1213 2358 Quanta
1263 2260 1357 2341 in
1402 2260 1631 2333 bonis
1680 2262 1953 2336 litteris
2012 2271 2086 2333 et
2118 2260 2403 2333 artibus
2444 2257 2882 2334 liberalibus
2918 2231 3217 2334 Graecia
3262 2205 3693 2386 perfecerit,
3748 2223 3943 2360 quot
3981 2231 4266 2334 doctri·

621 2437 628 2442 -
713 2410 856 2462 nae
902 2388 1342 2486 specimina,
1399 2409 1588 2487 quot
1633 2391 2052 2486 praeclarae
2105 2389 2428 2483 poeseos
2468 2357 2921 2462 documenta
2972 2390 3326 2478 ediderit,
3350 2391 3458 2494 ,ἰιι
3508 2409 3872 2486 promptu
3919 2385 4061 2479 est,
4118 2411 4269 2462 nee

716 2539 841 2588 me
876 2539 1246 2610 praecone
1267 2517 1360 2590 in
1418 2519 1536 2591 his
1579 2519 1802 2606 rebus
1852 2535 2028 2617 eget
2057 2518 2403 2602 Graecia,
2458 2537 2705 2614 neque
2754 2517 3002 2618 egebit
3042 2541 3455 2616 quoquam.
3561 2524 3793 2614 Saepe
3830 2537 4087 2603 tamen
4124 2515 4267 2588 mi·

645 2695 685 2715 --
722 2643 867 2716 rari
920 2643 1182 2732 subiit,
1289 2646 1420 2743 qui
1469 2645 1753 2719 factum
1827 2643 1956 2734 fit,
2057 2663 2142 2717 ut
2205 2645 2287 2717 ea
2334 2668 2599 2742 gena„
2664 2669 2856 2741 quae
2900 2661 3201 2718 tantum
3240 2645 3327 2717 in
3376 2645 3651 2720 litteris
3700 2639 4141 2743 praestiterit
4184 2659 4263 2714 et

723 2771 1084 2870 artibus,
1137 2789 1226 2844 ut
1274 2796 1434 2845 non
1489 2773 1730 2846 solum
1768 2777 2157 2850 Romanos
2209 2771 2493 2870 ubique
2550 2789 2623 2844 et
2676 2773 3239 2880 antiquitatem
3280 2773 3779 2870 supera‘verit',
3813 2761 3995 2844 ‘sed
4028 2768 4319 2848 etiamss

464 2942 500 2972 «ι
575 2929 584 2941 ’
618 2900 634 2992 ,’
683 2879 939 2971 ῗὸιιιιιὶ
979 2895 1395 2998 posteritati
1431 2919 1726 2973 tantum
1765 2899 2191 2991 antecedat,
2249 2917 2618 2998 quantum
2660 2926 2701 2973 a
2740 2917 2929 2974 terra
2967 2898 3265 2974 coelum
3308 2892 3565 2990 distat,
3653 2897 4201 2975 tristiffimum
4178 2921 4264 2969 ιιι

721 3012 1114 3100 civitatum
1143 3054 1488 3119 acrerum
1529 3027 2000 3124 publicarum
2025 3026 2210 3102 statu
2239 3027 2671 3124 adspectum
2700 3029 3081 3124 praebeat.
3185 3023 3369 3102 No‘n
3404 3052 3543 3127 ego
3570 3029 3661 3100 de
3687 3030 3973 3125 patriae
4008 3049 4265 3100 amore

619 3139 658 3169 ⁰
704 3153 1042 3254 ‘loquor,
1110 3172 1272 3229 non
1329 3157 1420 3232 de
1459 3157 1755 3229 fortiter
1787 3153 2231 3278 strenueque
2255 3157 2513 3245 factis,
2603 3157 2877 3254 quibus
2916 3154 3127 3232 nulli
3168 3147 3381 3258 genti
3418 3155 3640 3230 facile
3675 3155 3891 3230 cedat
3934 3157 4264 3242 Graecia,

613 3267 704 3336 Τ
729 3280 858 3358 sed
903 3283 996 3356 de
1049 3287 1437 3359 communi
1495 3303 1568 3357 et
1621 3283 1956 3358 universa
2003 3284 2291 3380 patriae
2342 3283 2926 3374 coniunctione,
3007 3307 3154 3382 qua
3194 3303 3496 3358 tantum
3538 3279 3779 3373 abest,
3838 3302 3923 3358 ut
3960 3283 4263 3356 Graecia

657 3398 667 3412 ’
683 3394 1066 3512 unquam
1113 3411 1356 3488 fruita·
1397 3409 1520 3500 fit,
1592 3432 1679 3484 ut
1711 3413 1968 3508 potius
2003 3413 2198 3484 nihil
2231 3409 2371 3486 nili
2408 3428 2726 3490 conatus
2764 3413 3041 3508 ceperit
3076 3430 3149 3484 et
3178 3413 3418 3510 prima
3454 3407 3844 3510 posuerit
3822 3411 4263 3510 mitia21n

533 3575 540 3587 ·
603 3518 614 3533 ⁵
655 3529 676 3550 ”
731 3566 825 3616 eo
865 3535 1169 3642 quidem
1209 3565 1482 3619 omnes
1513 3541 1769 3616 Graeci
1815 3539 2403 3629 consentiebant,
2462 3539 3020 3614 abhorrendum
3056 3534 3191 3614 fibi
3234 3531 3437 3613 effe
3416 3557 3479 3614 a
3494 3535 3981 3642 barbarorum
4018 3536 4263 3617 infan—

577 3643 678 3686 '³¹'
725 3662 874 3756 iia,
930 3669 1062 3781 qui
1097 3670 1325 3743 unius
1363 3661 1692 3764 hominis
1735 3669 2098 3772 arbitrio
2078 3688 2179 3742 ita
2220 3668 2617 3789 parebant,
2675 3687 2817 3757 ut,
2854 3667 2907 3744 fi
2944 3670 3067 3740 vel
3104 3655 3433 3744 maxime
3474 3691 3513 3738 a
3576 3681 3961 3766 quoquam
4014 3685 4265 3760 tyran·

568 3797 578 3804 ”
641 3799 648 3810 “
677 3781 872 3872 nus
929 3796 1200 3898 aliquia
1254 3797 1656 3873 intefectus
1725 3765 1936 3905 effet,
2002 3819 2164 3868 non
2224 3799 2743 3890 tyrannidem,
2789 3795 2949 3868 sed
2999 3814 3367 3892 tyrannos
3417 3789 3661 3868 solum
3684 3781 4261 3881 commutaviss‘e

523 3897 582 3974 Γῆ
621 3905 636 3923 „
703 3913 1186 4002 viderentur.
1297 3901 1962 4007 Abonimabantur
2010 3919 2232 3997 illum
2275 3926 2773 4023 languorem,
2861 3913 3331 4020 torpedinem
3366 3907 3623 4012 illam,
3701 3925 3891 4022 quae
3938 3905 4259 4020 plerum·

500 4035 570 4068 '⁸'
634 4038 660 4067 ”
713 4044 882 4154 ‘que
933 4037 1408 4148 tyrannidem
1459 4051 1802 4154 comitari
1839 4035 2028 4124 solet
2069 4071 2186 4140 et,
2282 4051 2603 4126 mvemh
2658 4049 2991 4150 quodam
3025 4049 3329 4125 fervore
3360 4053 3550 4141 κη’
3650 4049 3734 4126 in
3772 4044 3955 4123 sua
3932 4049 4259 4146 ‘prorum

727 4181 1000 4257 {viscera
1027 4179 1304 4264 saevire
1335 4167 1748 4286 malebant,
1785 4203 2012 4278 quam
2049 4199 2325 4254 rectam
2360 4199 2434 4252 et
2461 4177 2923 4281 indomitam.
2948 4181 3308 4253 cervicem
3342 4177 3505 4276 regi
3536 4160 3765 4252 alicui
3797 4177 4253 4252 submittere.

574 4323 582 4330 ’
669 4334 676 4342 ’
725 4282 1072 4416 Nempe,
1152 4307 1358 4412 quod
1393 4311 1692 4383 Ennius
1737 4299 1963 4384 dicit·
2033 4309 2250 4384 nulla
2297 4308 2542 4380 sancta
2585 4303 2889 4379 societas
2922 4329 3063 4378 nec
3104 4303 3291 4378 fides
3342 4305 3585 4414 regni
3605 4297 3750 4395 e'st,
3804 4313 4257 4382 Graecorum

591 4449 616 4462 “
723 4439 940 4514 fuiffe
991 4434 1532 4546 persuasionem
1588 4461 1750 4513 non
1799 4434 1898 4510 est
1947 4433 2156 4546 quod
2212 4434 2479 4510 multis
2535 4426 3146 4550 demonstremus.
3284 4426 3722 4510 Luculento
3768 4421 3859 4506 id
3914 4419 4257 4534 exemplo

1281 4553 1694 4584 00000

691 4561 1100 4644 'Romanis
1146 4565 1550 4640 declaravit
1585 4567 1794 4638 illius
1829 4566 2268 4652 temeritas,
2315 4559 2485 4662 qui,
2540 4579 2627 4634 ut
2662 4561 3047 4636 Ciceronis
3084 4548 3331 4635 verbis
3364 4578 3573 4652 utar,
3658 4562 3917 4636 omnia
3966 4565 4126 4638 iura
4160 4558 4259 4634 di·

728 4697 910 4771 vina
955 4713 1032 4766 et
1068 4685 1420 4768 humana
1451 4675 1814 4793 pervertit
1865 4708 2178 4793 propter
2232 4715 2449 4771 eum.
2530 4713 2759 4788 quem
2802 4686 2957 4786 ipse
3006 4675 3143 4764 fibi
3198 4674 3592 4786 opinionis
3636 4709 3885 4766 errore
3923 4675 4257 4784 finxerat,

729 4823 1266 4928 principatum.
1415 4827 1528 4896 Ita
1579 4845 1803 4921 quam
1862 4820 2274 4926 imaginem
2332 4819 2765 4894 Stoicorum
2836 4805 3180 4890 doctrina
3259 4813 3353 4892 in
3409 4793 3728 4920 lingulis
3796 4817 4251 4906 hominibus,

730 4942 1094 5090 eandem*
1072 4973 1154 5022 ιιι
1186 4947 1502 5052 lingulis
1519 4947 1952 5076 civitatibus
1990 4935 2293 5024 Graecia
2332 4929 2559 5023 nobis
2592 4943 3135 5060 repraesentare
3166 4943 3495 5020 videtur.
3604 4937 4083 5052 Dorienffum
4112 4948 4254 5020 ani-
