4567 5742
1703 614 1810 640 ’'¹’'
1965 603 2112 675 397
2245 615 2376 701 “⁸¹²

255 769 400 844 ,his
475 768 960 866 praecipuum
1029 767 1428 866 quoddam
1480 761 1736 840 afferre
1786 768 2010 840 decus
2077 786 2303 864 atque
2366 785 2906 838 ornamentum
2948 765 3559 842 existimarentur.
3667 771 3812 846 Sed
3844 785 3860 792 '
3895 745 3937 796 ζ’

257 895 428 970 'rite
479 896 833 994 consequi
885 899 1218 972 honores
1273 899 1356 969 in
1389 893 1783 969 Academia
1822 891 2065 972 nostra
2103 919 2263 968 non
2300 872 2519 978 licet,
2588 894 2727 966 nisi
2764 897 3071 989 probata
3108 899 3519 972 Ordinibus
3557 923 3641 972 ea
3676 899 3813 974 do-

279 1025 564 1112 ctrina,
637 1048 828 1122 quae
879 1024 1316 1126 candidatos
1374 1025 1508 1096 tali
1563 1024 1829 1096 decore
1883 1001 2158 1120 dignos
2215 1019 2540 1114 praestet.
2652 1027 2811 1124 Qua
2871 1024 2983 1094 de
3013 1051 3090 1094 re
3126 1049 3361 1120 quum
3380 1026 3493 1097 *ab
3528 1025 3808 1098 Ordine

281 1131 947 1246 Philosophorum
981 1151 1228 1224 adhuc
1273 1155 1468 1224 intra
1528 1152 1864 1246 priuatos
1898 1149 2051 1222 fere
2099 1151 2420 1243 parietes
2454 1149 2870 1220 iudicatum
2908 1150 3171 1241 fuerit,
3244 1174 3405 1226 non
3448 1178 3600 1249 quo
3638 1176 3807 1248 pro-

275 1281 642 1353 nunciare
708 1279 1155 1353 sententiam
1210 1278 1912 1366 reformidaremus,
2001 1277 2122 1348 sed
2183 1279 2391 1373 quod
2444 1269 2625 1348 eius
2656 1279 2949 1374 generis
3001 1279 3265 1374 scripta
3320 1283 3467 1352 iam
3517 1279 3805 1352 dudum

279 1406 484 1502 apud
537 1429 724 1496 nos,
791 1407 1038 1482 nescio
1087 1405 1522 1504 quomodo,
1603 1406 1684 1476 in
1738 1405 2301 1476 desuetudinem
2362 1421 2769 1478 venerant:
2841 1430 3087 1491 nunc,
3158 1403 3507 1480 restitutis
3557 1389 3806 1502 nuper

275 1553 354 1606 et
405 1535 562 1630 ipsa
595 1537 762 1634 lege
807 1535 1105 1646 sancitis
1136 1532 1436 1629 publice
1471 1519 1838 1604 scribendi
1875 1511 2619 1625 opportunitatibus,
2690 1531 3127 1604 faciundum
3166 1535 3643 1634 putavimus,
3716 1554 3807 1606 ut

279 1661 508 1734 etiam
561 1663 760 1734 hanc
812 1663 1144 1734 muneris
1197 1655 1426 1732 nostri
1481 1654 2195 1730 administrationem
2249 1658 2340 1728 ad
2392 1659 2743 1756 notitiam
2797 1659 3177 1752 publicam
3238 1662 3803 1735 celebraremus.

242 1795 544 1887 ‘Itaque
579 1790 756 1861 huic
791 1789 898 1860 rei
933 1811 1404 1886 programma
1441 1783 1968 1860 destinavimus
1995 1837 2016 1874 ,
2071 1809 2110 1856 a
2151 1791 2461 1857 Decano
2500 1786 2625 1856 vel
2666 1787 3091 1862 Prodecano
3132 1791 3542 1883 quotannis
3587 1789 3807 1862 eden-

277 1917 540 1994 dum-f
595 1918 760 1994 Erit
793 1936 1044 1990 autem
1086 1916 1369 2009 duplex
1412 1913 1619 1986 illius
1661 1914 2044 1987 materiesz
2117 1937 2270 1984 una
2306 1909 2714 1984 inserviens
2752 1889 3307 2030 renunciatiuni
3350 1921 3805 2006 Doctorum,

277 2045 410 2142 qui
459 2045 659 2117 intra
707 2046 886 2116 anni
941 2042 1304 2138 spatium,
1388 2066 1542 2138 quo
1583 2039 1737 2113 duo
1797 2041 2148 2132 deinceps
2189 2039 2473 2110 Decani
2509 2041 2768 2112 Ordini
2802 2041 3205 2133 praesunt,
3265 2044 3601 2142 legitime
3632 2047 3807 2119 sunt

279 2172 548 2258 creati;
588 2172 827 2246 altera
864 2171 1250 2263 pertinens
1289 2169 1382 2238 ad
1423 2168 1950 2239 invitationem
1985 2167 2321 2252 illorum,
2378 2163 2431 2236 si
2470 2167 2604 2262 qui
2642 2168 2961 2237 iunctim
3000 2169 3241 2239 velint
3283 2172 3373 2242 ad
3409 2172 3803 2246 sollemnia

281 2301 628 2374 examina
682 2299 1019 2386 admitti,
1099 2297 1635 2390 explorataque
1683 2293 2098 2365 lister-arum
2154 2290 2457 2370 scientia
2514 2293 2837 2381 iunctim
2876 2296 3201 2367 honores
3236 2297 3800 2391 philosophicos
3879 2387 3892 2394 ἱ
4009 2381 4016 2390 ,

279 2428 612 2523 adipisci.
653 2433 1158 2524 ·Quamquam
1189 2422 1391 2493 enim
1431 2423 1656 2492 etiam
1703 2417 2160 2514 inposterum
2197 2417 2469 2517 singuli
2504 2423 2816 2516 antiquo
2848 2421 3009 2494 ritu
3042 2427 3414 2498 Doctores
3438 2414 3805 2504 creabun-

278 2573 438 2645 tur,
495 2535 1119 2654 quotiescumque
1154 2551 1464 2622 nomina
1502 2548 1626 2622 sua
1663 2543 1998 2644 profeffi,
2065 2570 2251 2644 quae
2278 2544 2703 2640 praestanda
2754 2573 2851 2618 ex
2902 2549 3197 2647 legibus
3248 2553 3457 2637 sunt,
3514 2548 3803 2645 praesti·

279 2684 552 2760 terintz
613 2701 866 2756 tamen
904 2703 1148 2752 annua
1192 2703 1494 2777 quoque
1530 2678 1920 2779 panegyris
1957 2671 2421 2764 instituetur,
2479 2701 2623 2774 qua
2666 2679 3047 2749 honorum
3104 2673 3799 2778 consequendorum

281 2833 448 2884 cum
486 2810 844 2884 facilitate
879 2809 1266 2884 celebritas
1301 2827 1676 2912 augeatur.
2277 2831 2289 2836 ·
3648 2832 3668 2872 ι
3758 2803 3769 2816 “

485 2938 710 3036 Quod
747 2939 945 3008 dum
967 2940 1068 3009 ita
1123 2933 1620 3024 instituimus,
1673 2961 1840 3008 non
1887 2961 2040 3010 rem
2091 2961 2368 3012 novam
2423 2936 2938 3036 suscipimus,
2966 2939 3086 3013 sed
3120 2959 3447 3014 veterem
3492 2965 3821 3017 renova--
3882 3031 3891 3048 ι

244 3038 473 3141 'mutu
585 3067 1007 3140 Memoriae
1049 3064 1254 3136 enim
1292 3065 1676 3174 proditum
1711 3060 1832 3152 est,
1871 3041 2048 3136 inde
2081 3063 2181 3136 ab
2209 3063 2398 3160 ipsis
2420 3068 2645 3140 huius
2672 3069 3109 3144 Academiae
3144 3069 3625 3142 incunabulis
3660 3069 3803 3141 sol·‘

279 3195 573 3267 lemnes
609 3189 946 3266 exstitisse
987 3169 1510 3290 Magistrorum
1541 3191 2022 3280 creationeS,
2053 3188 2393 3286 primam
2444 3195 2748 3289 quidem
2796 3197 3193 3268 Victorino
3232 3199 3575 3294 &trigelio
3614 3201 3801 3267 Can

283 3323 586 3396 cellario
619 3341 696 3392 et
730 3320 1096 3392 Brabeuta
1133 3319 1578 3394 celebratam
1617 3320 1736 3392 die
1780 3343 1811 3392 1
1837 3345 1864 3391 ι
1905 3319 2081 3392 Iulii
2131 3345 2192 3392 a.
2235 3341 2468 3408 1558·
2524 3347 2749 3416 quam
2794 3323 3065 3395 deinde
3098 3321 3413 3422 singulis
3450 3325 3666 3395 annis
3698 3322 3805 3394 se·

287 3467 558 3544 quutae
597 3443 772 3525 [unt
819 3465 1148 3534 ceterae,
1203 3471 1444 3544 usque
1489 3449 1670 3520 dum
1725 3441 2282 3519 funefiiffimum
2326 3449 2519 3518 illud
2554 3451 2857 3548 triginta
2892 3475 3258 3523 annorum
3298 3453 3583 3522 bellum
3624 3473 3801 3524 cum

285 3577 440 3650 aliis
481 3577 922 3648 Academiae
957 3571 1312 3646 institutis
1351 3576 1572 3646 etiam
1615 3576 1764 3646 hoc
1803 3573 2153 3644 turbaret.
2259 3573 2659 3672 Postquam
2710 3602 2891 3649 vero
2928 3575 3052 3648 ista
3094 3579 3353 3650 feralis
3392 3597 3465 3648 et
3498 3578 3803 3649 inimica

289 3701 522 3777 Mulis
551 3705 867 3775 Bellona
903 3701 1152 3772 furere
1189 3697 1510 3785 desiisset,
1547 3699 1926 3793 publicam
1957 3705 2399 3772 Doctorum·
2420 3703 2934 3796 philosophiae
2965 3687 3609 3808 renunciationem
3636 3723 3800 3774 non

288 3833 515 3906 modo
547 3813 955 3904 restitutam
991 3827 1171 3915 effe,
1227 3825 1350 3898 sed
1392 3827 1619 3900 etiam
1661 3827 1775 3900 bis
1813 3851 2116 3924 quoque
2148 3851 2354 3898 anno
2384 3847 2776 3922 peractam,
2834 3857 2927 3904 ex
2968 3832 3159 3902 actis
3200 3828 3523 3912 confiat.
3560 3803 3804 3928 Quem

289 3981 608 4046 morem,
660 3953 1283 4036 Io.And1-.Bofii
1315 3972 1560 4026 morte
1594 3955 1838 4028 rursus
1893 3956 2443 4062 interruptum,
2516 3959 2676 4029 eius
2724 3957 3111 4046 successor,
3188 3960 3449 4070 caspar
3488 3959 3801 4058 Sagitta·

285 4087 486 4172 rius,
489 4081 636 4154 fic
671 4080 1146 4170 instauravit,
1201 4101 1291 4154 ut
1321 4083 1400 4153 in
1441 4101 2012 4181 programmate,
2069 4083 2190 4154 his
2229 4083 2721 4158 sollemnibus
2765 4071 3034 4180 scripto
3074 4090 3175 4180 ²),
3230 4088 3575 4158 reducem
3610 4087 3809 4158 Saloe
3842 4157 3860 4164 ,

230 4229 238 4236 ·
291 4235 428 4284 nae
475 4210 914 4324 Academiae
945 4230 1036 4282 et
1083 4208 1699 4318 philosophicae
1677 4209 2048 4303 imprimis
2099 4209 2468 4282 Facultati
2520 4199 2957 4284 felicitatem
3007 4215 3553 4330 gratularetur,
3616 4235 3805 4308 quae
3846 4276 3857 4296 ‚

291 4363 416 4431 per
463 4343 844 4436 integrum
895 4335 1340 4408 decennium
1395 4335 1462 4406 ei
1511 4359 1672 4438 non
1735 4335 2134 4430 obtigisset.
2232 4341 2331 4408 Et
2376 4338 2733 4430 produxit
2786 4339 2924 4411 illo
2976 4351 3314 4434 tempore
3362 4341 3443 4410 in
3502 4311 3821 4450 conspe-¹

290 4484 493 4540 ctum
528 4467 988 4564 collegarum
1027 4460 1440 4564 decuriam,
1499 4479 1584 4533 ut
1619 4461 1765 4549 ait,
1820 4463 2221 4549 iuvenum,
2277 4451 2629 4573 singulari
2666 4465 3007 4544 doctrina
3056 4467 3583 4558 probatorum,
3644 4467 3805 4562 qui·

289 4591 428 4724 bus
470 4587 751 4666 acceffit
797 4591 1060 4663 absens
1111 4588 1614 4696 septenarius,
1679 4605 1843 4661 non
1891 4573 2170 4670 minori
2219 4591 2643 4666 eruditione
2680 4595 3027 4668 excultus
3053 4621 3080 4668 ι
3144 4596 3221 4666 in
3262 4617 3451 4692 quos
3484 4613 3806 4665 cunctos
3842 4692 3847 4698 ἱ

456 4879 529 4958 ιι)
561 4875 862 4940 Historia
933 4875 1168 4956 templi
1223 4873 1516 4936 Ienensis
1583 4873 1946 4940 academici
1993 4895 2147 4940 cum
2201 4877 2568 4962 epitaphiis
2631 4893 2695 4942 et
2752 4877 3073 4960 iuscriptt.
3149 4879 3612 4961 sepulcralibus
3664 4881 3812 4944 eius

289 4989 552 5071 templi,
591 4987 736 5050 len.
788 4984 967 5061 2635.
1010 5003 1074 5063 4.
1113 5003 1184 5066 p.
1227 5001 1272 5062 4
1315 4983 1454 5066 sqq·
