4567 5742
1317 467 1349 486 Ν

1263 521 1297 540 Ἰ·

1675 563 1866 624 ’-··-··
2003 577 2158 660 379
2308 591 2433 686 7⁶

3079 651 3103 681 ι

310 719 978 856 ἰσοτροτὶεΈυιεπι
1033 717 1355 820 eandem
1405 749 1660 848 legem
1718 715 2104 843 sequitur,
2199 775 2429 844 quam
2485 764 2795 844 m,otus;
2871 749 3187 826 interest
3232 759 3520 852 solum,
3600 764 3854 837 ut·hic

317 874 646 971 figatur,
717 876 923 968 quod
960 875 1116 944 illic
1156 875 1444 970 mobile
1483 893 1559 945 et
1601 877 2132 977 transitorium
2174 877 2347 946 est.
2410 879 2687 968 Neque
2718 878 3011 970 solum,
3082 899 3171 952 ut
3194 885 3523 976 plurimi
3559 889 3856 981 dicunt,

317 1001 688 1096 repetito
681 1018 925 1114 motu
965 1003 1430 1070 lineamenta
1479 1003 1624 1070 fixa
1663 1002 2175 1094 proveniunt,
2233 1025 2525 1073 verum
2566 1002 2799 1074 etiam
2831 1005 2985 1074 vita
3018 1007 3325 1080 interna
3362 1013 3465 1082 ita
3504 1016 3856 1126 crystalli·
3898 1083 3908 1092 ,

318 1127 666 1218 santur,
690 1129 1322 1220 formanturque‚
1418 1143 1505 1196 ut
1575 1129 2015 1222 embryoni
2045 1143 2360 1222 quoque
2417 1103 2863 1199 universalis
2942 1131 3073 1203 illa
3126 1136 3385 1222 Flexio
3444 1163 3605 1210 non
3656 1165 3858 1214 mus·

321 1255 679 1326 culorum
721 1255 1040 1328 actione
1098 1269 1184 1322 ut
1229 1255 1314 1322 in
1356 1266 1538 1336 nato
1576 1253 1876 1344 datur,
1926 1253 2054 1330 sed
2091 1255 2585 1352 vegetatione
2625 1255 2889 1349 potius
2934 1260 3467 1352 crystallisante
3502 1266 3707 1359 ipsa,
3776 1269 3861 1345 fi·

322 1383 485 1454 cuti
541 1381 838 1476 apertio
891 1381 1102 1462 floris
1144 1403 1305 1450 non
1351 1380 1976 1470 muscularitate‚
2072 1381 2197 1450 sed
2251 1396 2479 1474 aucto
2522 1385 2855 1478 turgore
2899 1384 3201 1457 vitalii.
3242 1412 3314 1459 e
3348 1405 3570 1460 aucta
3611 1395 3861 1466 nutri·

319 1512 538 1582 tione
577 1509 848 1579 oritur.
957 1511 1133 1578 Non
1187 1507 1393 1574 enim
1447 1505 1679 1598 plane
1739 1504 2028 1574 diversa
2067 1506 2260 1576 haec
2305 1507 2417 1576 vis
2452 1502 2901 1579 nutritionis
2940 1532 2983 1580 a
3014 1523 3237 1580 motu
3270 1519 3692 1588 musculari
3728 1521 3858 1598 hn-

321 1635 616 1726 benda,
671 1634 799 1704 sed
837 1633 929 1704 ad
961 1653 1127 1704 eam
1163 1599 1568 1723 refertur,
1575 1629 1713 1704 ,uti
1745 1630 2208 1734 intestinum
2229 1629 2325 1703 ad
2364 1646 2633 1746 cutem
2652 1633 2785 1704 seu
2824 1649 2911 1704 ut
2944 1632 3224 1770 aiteria
3258 1638 3351 1710 ad
3388 1645 3856 1734 musculum.
3934 1609 3959 1616 -
4030 1643 4037 1653 ’

1923 1825 1999 1924 §⁶
2123 1846 2248 1918 24⁸
2324 1851 2353 1926 ἰ

527 2013 606 2085 Si
662 2009 848 2105 quid
898 2010 992 2080 de
1045 1961 1354 2092 diversis
1419 2007 1658 2076 cranii
1711 2005 1944 2101 ipfius
1996 2004 2265 2078 formis
2329 2004 2673 2076 iudicare
2730 2007 3208 2099 volumuS,
3242 2017 3550 2088 nonnisi
3605 2021 3859 2096 obiter

326 2141 498 2217 fieri
535 2138 866 2236 poterit,
940 2137 1121 2229 quia
1183 2136 1477 2204 formae
1527 2133 1867 2231 lingulae
1911 2131 2384 2230 singularum
2422 2132 2661 2202 cra'nii
2700 2119 3227 2206 vertebrarum
3264 2163 3425 2211 non
3461 2146 3675 2236 prius
3719 2148 3864 2246 sig-
3947 2159 3954 2162 “

299 2257 858 2342 ‘nificat'ionem
913 2277 1197 2332 certam
1247 2261 1774 2347 indicabunt,
1827 2283 2054 2352 quam
2113 2259 2423 2354 cognita
2458 2257 3521 2371 lingularum-subiacentium
3562 2275 3863 2360 cerebri

331 2397 666 2494 partium
703 2407 972 2466 natura
1001 2439 1022 2478 ,
1085 2387 1286 2480 quod
1327 2385 1451 2455 vix
1495 2386 2016 2477 assequemur,
2078 2385 2528 2478 priusquam
2566 2385 3205 2480 metamorphosis
3239 2391 3665 2506 systematis
3688 2423 3863 2472 ner·

333 2547 604 2600 vorum
655 2543 800 2614 per
854 2539 1180 2614 regnum
1241 2511 1569 2582 animale
1623 2511 2014 2606 perspecta
2067 2511 2178 2580 sit.
2285 2514 2492 2608 Ergo
2528 2535 2738 2583 nunc
2767 2516 3163 2608 temporis
3178 2520 3589 2613 multiplex
3625 2525 3861 2598 facies
3916 2529 3921 2533 ’

323 2633 676 2724 'mentem
729 2657 815 2716 et
856 2641 1296 2748 praecipue
1337 2633 1680 2708 animum
1735 2638 1978 2734 magis
2035 2638 2433 2732 perspicue
2480 2637 2894 2730 indicabit,
2998 2665 3227 2734 quam
3282 2649 3657 2753 cranium
3680 2650 3865 2745 sola,

335 2801 595 2872 neque
646 2771 956 2870 cognita
1003 2769 1324 2855 tubera,
1404 2763 2092 2858 impressiones-'lue
2129 2767 2563 2858 praebens.
2642 2767 2757 2835 Ne
2794 2773 3051 2852 autem
3087 2769 3285 2840 hanc
3324 2790 3627 2866 partem
3663 2777 3869 2874 capi·

333 2909 436 2978 tis
485 2899 997 3011 gravissimam
1049 2897 1276 2989 plane
1315 2889 1728 2988 neglexisse
1763 2891 2064 2978 videar,
2143 2891 2407 2960 saltem
2448 2892 2799 2961 universe
2840 2895 3213 2966 nonnulla
3253 2919 3707 2990 proponam.
3758 2939 3877 2978 -1

337 3036 601 3130 Quum
651 3043 804 3098 tres
849 3025 1272 3094 habeamus
1331 3018 1727 3087 vertebras
1773 3016 2198 3086 cerebrales
2237 3032 2316 3085 et
2353 3032 2509 3086 tres
2529 3039 2898 3110 quoque,
2976 3015 3026 3086 fi
3070 2995 3470 3124 cerebrum
3508 3041 3867 3102 accurate

336 3159 884 3258 perlustramus
923 3199 944 3238 ‚
1042 3138 1436 3217 evidenter
1503 3145 1704 3212 inter
1770 3143 1872 3222 se
1911 3141 2180 3212 divisas
2250 3158 2523 3236 partes
2578 3141 2894 3240 singulis
2958 3147 3331 3218 vertebris
3404 3121 3868 3245 responden·

339 3310 516 3377 tes,
601 3290 784 3353 *tres
868 3277 1104 3346 eliam
1191 3271 1283 3342 iis
1359 3268 1943 3364 respondebunt
2023 3270 2306 3354 mentis
2350 3266 2825 3340 facultates
2846 3261 3358 3366 Uprincipales.
3514 3282 3871 3370 Medulla

345 3406 778 3508 oblongatae
820 3426 992 3475 cum
1047 3395 1480 3485 cerebell0‚
1564 3395 1990 3489 occipitalis
2049 3398 2449 3465 vertebrae
2496 3396 2907 3494 ganglion‚
2981 3418 3075 3468 ex
3110 3422 3263 3493 quo
3301 3406 3519 3474 nervi
3554 3410 3873 3481 motorii

345 3565 424 3618 et
461 3533 888 3614 auditorins
928 3527 1316 3597 decedunt
1347 3537 1428 3592 et
1466 3523 1591 3592 cui
1629 3537 1944 3612 quartus
1983 3523 2461 3594 ventriculus
2500 3521 2645 3611 est,
2705 3521 2829 3590 vix
2867 3523 3367 3598 dubitandum
3401 3546 3623 3624 putu,
3680 3537 3871 3644 quin
3939 3539 3943 3542 ’
3982 3497 4032 3559 Ι’

345 3661 760 3767 appetendi
787 3628 1278 3756 sacultatem,
1333 3642 1814 3722 voluntatem
1855 3661 2000 3718 etc.
2043 3648 2462 3718 contineat.
2524 3647 2916 3718 Secunda
2958 3651 3351 3744 vertebra,
3406 3655 3463 3724 si
3492 3679 3591 3746 ex
3628 3682 3867 3733 nervo
3968 3748 3971 3756 Ι

345 3790 676 3872 sensuali
727 3801 1310 3874 nuncupemus,
1388 3773 1597 3846 oculi
1655 3771 2016 3863 dicenda,
2107 3789 2186 3842 et
2237 3771 2495 3866 partes
2556 3773 2727 3847 eius
2786 3776 3245 3868 praecipuae
3279 3780 3475 3851 sunt
3531 3785 3873 3858 colliculi

347 3923 587 4020 optici
611 3971 630 4008 ,
689 3933 1012 4006 corpora
1051 3902 1674 4000 quadrigemina,
1731 3899 2207 3970 ventriculus
2244 3899 2524 3972 tertius
2562 3916 2705 3972 etc.
2692 3949 2737 3990 .,
2794 3901 3077 4012 quibus
3114 3907 3409 3976 accedit
3444 3871 3652 3982 basin
3692 3907 3887 3986 con·'

344 4017 658 4125 struens
676 4034 1082 4135 apophyfis
1125 4023 1420 4102 cerebri
1446 4079 1466 4118 ‚
1550 4049 1744 4118 quae
1781 4039 1966 4120 prae
1995 4023 2278 4097 ceteris
2320 4019 2723 4121 encephali
2762 4004 3107 4144 partibus
3159 4053 3333 4102 cum
3372 4037 3869 4130 Sympathico
3972 4017 3988 4023 ”

225 4195 233 4200 ’
295 4143 314 4152 -
321 4171 878 4282 coniungitur.
987 4159 1138 4260 Qui
1194 4179 1586 4228 connexus
1653 4153 1958 4224 fortaffe
2005 4151 2411 4251 indigitat,
2498 4154 2655 4224 hoc
2708 4149 3129 4224 secundum
3191 4157 3599 4256 Ganglion
3632 4181 3875 4238 verte·
3932 4245 3937 4250 ,

343 4305 560 4378 brale
613 4273 1168 4368 coenaesthesi
1148 4333 1168 4371 ,
1251 4281 1542 4362 sensui
1557 4283 1702 4350 etc.
1741 4279 1887 4348 esse
1925 4294 2004 4348 et
2038 4279 2258 4354 ficuti
2292 4269 2547 4350 sensus
2581 4278 2651 4347 fi
2669 4295 3025 4349 accurate
3058 4281 3383 4373 inquiris
3406 4334 3428 4374 ,
3482 4291 3733 4379 quoad
3774 4291 3887 4364 di··

347 4429 776 4506 rectionem
801 4421 976 4486 ‘non
1024 4410 1389 4480 diversus
1401 4402 1523 4478 est
1537 4407 1628 4478 ab
1663 4404 2176 4502 intelligentia
2201 4455 2222 4494 ,
2294 4401 2524 4498 qua‘m
2560 4405 3100 4498 perspicuitate
3130 4409 3441 4480 minore
3464 4461 3486 4502 ,
3558 4413 3673 4484 fic
3695 4440 3873 4534 ἔξω.

310 4557 572 4660 glion
615 4543 962 4620 medium
1017 4533 1330 4632 quoque
1378 4532 1684 4638 organis
1725 4530 1878 4602 suis
1914 4535 2349 4602 accuratius
2388 4531 2481 4602 ad
2518 4531 3117 4651 Hemisphaeras
3161 4536 3239 4605 se
3268 4539 3628 4632 applicat
3642 4565 3875 4638 quam
3930 4589 3937 4594 -

306 4687 448 4763 ad
498 4671 966 4753 cerebellum
1011 4681 1095 4734 et
1125 4687 1328 4745 cum
1344 4662 1436 4732 iis
1477 4659 1844 4748 confluit,
1898 4662 2002 4729 ita
2035 4672 2124 4728 ut
2159 4657 2357 4728 duae
2396 4673 2664 4751 pax-tea
2683 4651 3145 4752 principales
3172 4664 3593 4756 encephali
3622 4669 3876 4752 stricte

351 4815 564 4883 inter
593 4805 668 4876 se
703 4797 1098 4870 distinctae
1125 4789 1604 4876 formentur,
1661 4809 1857 4904 quae
1899 4785 2090 4856 duos
2127 4784 2407 4856 mentis
2444 4785 2665 4877 polos
2704 4787 3031 4856 alterum
3072 4787 3560 4879 expanlivum
3614 4795 3882 4892 (appe.

321 4933 573 5009 tendi
619 4923 1116 5034 facultatem,
1185 4911 1754 5012 voluntatem)'
1739 4935 1818 4982 m
1861 4911 2239 4985 cerebello
2279 4926 2423 4982 etc
2449 4959 2472 5000 ,
2543 4912 2871 4984 alterum
2906 4913 3509 5011 ‘contractivum‚
3581 4919 3887 5021 ingesti-

3006 5035 3487 5154 Bbb2‘.

1965 5179 2012 5202 s

1846 5247 1871 5283 2
